1618 2584
175 224 262 263 424
574 220 625 256 IN
653 220 689 256 C.
709 220 914 255 VERREM
939 219 1041 254 ACT.
1069 220 1112 255 II.

177 330 294 360 SUNT
344 329 406 359 DE
455 315 500 359 O.
543 316 719 357 VERRE.
793 314 904 364 Quid
956 317 1109 370 postea
1163 316 1372 372 scriptum
1422 317 1517 359 est?

178 375 278 418 CUM
321 387 563 418 SURGERET
608 385 735 416 NEMO
774 385 927 424 NEQUE
966 385 1263 416 SENTENTIAM
1301 387 1517 418 DICERET.

177 435 288 485 Quid
340 437 406 476 est
457 434 567 475 hoc?
633 431 750 475 SORS
803 443 1020 474 DUCITUR.
1098 432 1236 481 Quam
1289 434 1344 476 ob
1397 435 1516 477 rem?

175 508 301 536 nemo
348 495 440 535 erat
476 492 748 533 voluntarius
786 491 986 533 laudator
1023 494 1251 546 praeturae
1286 495 1404 546 tuae,
1447 493 1517 535 de-

175 552 321 594 fensor
357 551 664 606 periculorum,
701 550 957 605 praesertim
996 564 1092 591 cum
1124 550 1232 592 inire
1264 566 1289 592 a
1319 554 1553 606 praetores
1616 550 1618 575 ³

177 611 365 667 glatiam
402 609 580 675 posset?
635 608 786 650 Nemo.
848 608 920 649 Illi
951 608 1035 663 ipsi
1066 609 1131 650 tui
1164 609 1385 664 convivae,
1423 625 1517 652 con-

177 669 347 722 siliarii,
385 668 561 722 conscii,
600 667 704 709 socii
735 667 915 709 verbum
945 666 1086 709 facere
1117 682 1205 709 non
1237 668 1405 711 audent.
1467 668 1519 710 In

177 743 262 782 qua
288 727 406 769 curia
432 729 578 769 statua
603 728 680 768 tua
712 726 858 767 stabat
891 728 934 767 et
964 725 1079 767 nuda
1110 726 1201 780 filii,
1234 726 1279 768 in
1311 741 1361 769 ea
1391 742 1517 769 nemo

177 787 277 841 fuit,
313 800 367 827 ne
406 800 533 840 quem
569 785 707 826 nudus
747 785 917 839 quidem
955 785 1069 826 filius
1105 785 1267 827 nudata
1297 786 1519 840 provincia

111 854 176 885 144
201 847 502 887 commoveret.
551 843 696 898 Atque
722 844 853 885 etiam
878 843 960 885 hoc
988 858 1055 885 me
1085 843 1249 898 docent,
1281 844 1372 886 eius
1404 845 1572 887 modim
1614 847 1618 869 '¹¹

178 918 271 946 sese
296 903 447 945 fecisse
473 903 778 957 laudationem,
809 905 858 944 ut
884 917 1031 944 omnes
1059 902 1312 959 intellegere
1343 907 1521 958 possent

177 977 264 1005 non
283 962 589 1016 laudationem,
609 961 682 1003 sed
702 961 846 1016 potius
867 961 1116 1003 inrisionem
1137 976 1230 1003 esse
1250 961 1385 1017 illam,
1412 977 1519 1017 quae

178 1021 566 1064 commonefaceret
607 1020 734 1062 istius
772 1022 943 1075 turpem
981 1020 1365 1075 calamitosamque
1402 1036 1520 1076 prae-

177 1083 332 1122 turam.
393 1079 568 1121 Etenim
612 1079 821 1134 scriptum
864 1093 956 1120 esse
994 1078 1073 1120 ita:
1121 1090 1248 1128 QUOD
1287 1090 1328 1122 IS
1366 1091 1519 1123 VIRGIS

177 1150 388 1181 NEMINEM
415 1149 685 1181 CECIDISSET
719 1162 768 1167 —
806 1152 831 1179 a
857 1152 940 1192 quo
970 1138 1190 1193 cognostis
1223 1139 1518 1181 nobilissimos
1540 1152 1572 1179 15
1614 1141 1618 1163 ¹·

177 1198 373 1240 homines
413 1200 542 1252 atque
573 1196 949 1238 innocentissimos
983 1196 1119 1238 securi
1151 1211 1243 1239 esse
1274 1212 1519 1253 percussos,
1592 1196 1606 1227 '³3

179 1269 305 1307 QUOD
356 1267 647 1298 VIGILANTER
696 1267 980 1298 PROVINCIAM
1024 1267 1419 1298 ADMINISTRASSET
1468 1282 1517 1286 —
1599 1262 1604 1310 ᾖ

178 1316 296 1358 6111118
324 1329 470 1356 omnes
497 1314 670 1370 vigilias
702 1314 747 1355 in
779 1314 939 1368 stupris
972 1316 1144 1355 constat
1176 1315 1518 1370 [adulteriisque]

179 1389 271 1416 esse
327 1376 622 1428 consumptas3
680 1372 815 1425 [cuius
872 1372 988 1414 modi
1042 1376 1229 1427 constat,
1285 1373 1366 1416 hoc
1419 1389 1520 1416 vero

179 1434 388 1487 scriptum
421 1446 530 1485 esse,
566 1431 678 1486 quod
709 1431 901 1486 proferre
932 1446 1019 1472 non
1050 1432 1226 1474 auderet
1256 1447 1371 1487 reus,
1404 1448 1521 1475 accu-
1541 1447 1575 1472 20
1615 1434 1618 1457 ff

179 1495 299 1534 sator
319 1491 498 1532 recitare
518 1505 605 1532 non
625 1490 854 1542 desineret]
882 1501 1008 1540 QUOD
1035 1502 1312 1533 PRAEDONES
1338 1503 1521 1534 PROCIJL

178 1562 237 1592 AB
276 1561 445 1592 INSULA
482 1547 653 1591 SICILIA
692 1560 1022 1591 PROHIBUISSET
1055 1549 1280 1602 [VERRES]
1319 1574 1375 1580 -—
1414 1565 1520 1605 quos

212 1609 342 1651 etiam
374 1608 490 1650 intra
522 1606 833 1662 Syracusanam
865 1607 1051 1650 insulam
1082 1608 1255 1663 recepit.

109 1649 194 1731 (ἑξ)
297 1667 414 1709 Haec
451 1669 737 1722 posteaquam
776 1681 825 1707 ex
857 1665 945 1708 illis
977 1667 1178 1723 cognovi,
1217 1667 1392 1709 discessi
1424 1683 1519 1710 cum

211 1726 347 1768 fratre
379 1740 401 1767 6
433 1726 568 1778 curia,
606 1728 653 1767 ut
684 1725 809 1767 nobis
844 1725 1112 1779 absentibus,
1144 1726 1181 1768 si
1213 1726 1314 1781 quid
1345 1727 1520 1782 vellent,
1541 1739 1575 1766 2⁵
1596 1730 1610 1785 l

109 1790 166 1831 65
182 1785 467 1827 decernerent.
533 1784 780 1826 Decernunt
823 1784 970 1825 statim
1014 1784 1221 1840 primum,
1261 1788 1310 1827 ut
1345 1800 1440 1827 cum
1476 1786 1523 1827 L.

180 1844 314 1885 fratre
370 1843 610 1898 hospitium
664 1843 835 1896 publice
890 1843 1028 1897 fieret,
1085 1844 1198 1897 quod
1252 1844 1289 1885 is
1345 1845 1522 1886 eandem

181 1903 452 1944 voluntatem
490 1916 594 1957 erga
631 1900 922 1956 Syracusanos
961 1902 1236 1958 suscepisset,
1275 1917 1403 1957 quam
1441 1918 1521 1960 ego

183 1975 350 2015 semper
392 1960 652 2002 habuissem.
720 1960 770 2001 Id
812 1974 899 2002 non
943 1960 1069 2002 modo
1114 1964 1205 2002 tum
1247 1962 1521 2017 scripserunt,

182 2035 330 2062 verum
351 2019 481 2061 etiam
507 2019 551 2060 in
578 2033 674 2061 aere
700 2018 882 2060 incisum
907 2019 1033 2061 nobis
1059 2020 1341 2062 tradiderunt.
1384 2020 1521 2063 Valde
1540 2034 1573 2059 30

182 2079 354 2121 hercule
386 2080 430 2119 te
463 2077 720 2144 Syracusani
752 2078 833 2132 tui,
867 2092 973 2132 quos
1007 2079 1154 2120 crebro
1187 2093 1522 2121 commemorare

183 2138 314 2191 soles,
352 2136 557 2193 diligunt,
597 2136 669 2191 qui
709 2151 804 2178 cum
837 2139 1084 2178 accusatore
1116 2139 1191 2179 tuo
1224 2138 1331 2179 satis
1363 2138 1522 2180 iustam

183 2211 357 2239 causam
395 2195 716 2251 coniungendae
753 2195 1078 2237 necessitudinis
1117 2198 1290 2251 putant,
1329 2197 1443 2251 quod
1480 2200 1523 2239 te

184 2257 459 2297 accusaturus
511 2254 568 2296 sit
617 2256 660 2296 et
710 2254 823 2309 quod
872 2254 1124 2320 inquisitum
1174 2254 1218 2295 in
1261 2257 1304 2296 te
1347 2256 1522 2297 venerit

183 2314 341 2355 Postea
385 2313 644 2367 decernitur,
689 2327 737 2354 ac
777 2327 862 2354 non
900 2313 1035 2366 varie,
1080 2313 1152 2354 sed
1189 2328 1322 2368 prope
1360 2314 1522 2356 cunctis
1541 2324 1573 2352 3⁵

185 2372 428 2427 sententiis,
471 2375 520 2414 ut
556 2371 767 2426 laudatio,
808 2386 915 2426 quae
954 2371 998 2413 O.
1030 2371 1156 2413 Verri
1194 2372 1363 2414 decreta
1401 2375 1524 2428 esset,

117 2438 182 2470 146
210 2431 447 2472 tolleretur.
518 2430 570 2472 In
620 2444 668 2472 eo
719 2444 814 2472 cum
864 2430 950 2471 iam
998 2444 1085 2472 non
1135 2430 1276 2472 solum
1322 2431 1524 2474 discessio
