1618 2584
1 1949 10 2256 1

416 228 505 263 LIB.
532 229 581 262 ΠΙ
620 228 717 264 CAP.
748 233 882 264 14—16
908 233 927 272 g
954 233 1103 265 37—41.
1324 229 1410 270 285

68 327 157 367 tate
212 338 421 365 novorum
477 324 714 366 edictorum
769 324 966 380 intellegi
1015 325 1163 378 velim,
1220 324 1407 365 iudices?

67 383 322 424 iniuriamne
359 382 521 424 factam
560 383 716 424 sociis?
772 382 833 424 At
867 383 1033 425 videtis.
1090 383 1407 424 Auctoritatem

68 442 335 496 superiorum
361 442 661 496 repudiatam?
717 440 818 483 Non
846 442 1020 483 audebit
1050 456 1220 497 negare.
1271 441 1408 496 Apro-

65 500 185 541 nium
211 502 383 540 tantum
412 501 497 542 isto
529 503 729 555 praetore
760 501 983 554 potuisse?
1041 500 1308 542 Confiteatur
1339 514 1407 541 ne-

1426 422 1477 462 16

1434 473 1478 502 4ο

30 571 48 597 5
68 573 184 600 cesse
211 561 287 600 est.
339 557 421 600 Sed
447 573 524 600 vos
550 558 748 612 fortasse,
774 559 887 612 quod
913 573 990 600 vos
1015 559 1084 600 lex
1110 562 1365 612 commonet,
1392 556 1477 599 (16)

65 617 108 658 1(1
146 617 190 658 111
226 617 308 659 1100
345 618 439 659 1000
473 617 706 672 quaeretis,
743 631 846 657 num
880 632 985 671 quas
1019 633 1068 659 ex
1101 617 1218 659 hisce
1250 618 1378 658 rebus
1405 606 1476 646 (40)

15 864 47 889 10

14 1156 46 1181 15

14 1450 46 1475 20

14 1743 45 1768 25

15 2035 46 2061 80

15 2327 47 2354 85

65 676 266 730 pecunias
303 676 475 730 ceperit.
531 676 705 716 Docebo
739 676 901 730 cepisse
934 677 1143 717 maximas
1177 690 1408 729 omnesque

66 748 137 776 eas
181 734 451 788 iniquitates,
496 734 546 775 de
592 734 745 787 quibus
788 737 914 775 antea
951 735 1054 787 dixi,
1100 735 1166 776 sui
1205 738 1407 789 quaestus

66 807 194 834 causa
237 793 514 834 constituisse
558 793 744 846 vincam,
789 793 825 833 si
862 792 981 847 prius
1020 793 1128 834 illud
1165 808 1409 849 propugna-

66 851 228 906 culum,
267 866 350 906 quo
389 853 540 892 contra
578 866 725 892 omnes
764 866 881 892 meos
920 852 1107 906 impetus
1146 866 1323 893 usurum
1362 866 1407 893 se

65 912 209 965 putat,
242 924 291 950 ex
325 910 568 951 defensione
601 910 690 950 eius
724 909 926 951 deiecero.

154 968 392 1023 ‘Magno',
424 969 576 1022 inquit,
609 968 864 1009 ‘decumas
897 968 1130 1010 vendidi?
1176 968 1287 1018 Quid
1313 969 1407 1010 ais?

66 1041 120 1068 an
145 1029 194 1068 tu
220 1027 431 1081 decumas,
462 1028 592 1068 1101110
626 1027 907 1068 audacissime
941 1030 1069 1081 atque
1102 1027 1408 1080 amentissime,

64 1085 322 1127 vendidisti?
379 1086 444 1126 Tu
475 1086 612 1140 partis
646 1100 735 1139 eas,
775 1100 880 1139 quas
919 1088 961 1127 te
998 1088 1173 1127 senatus
1205 1086 1407 1141 populus-

67 1159 146 1199 que
177 1144 397 1186 Romanus
436 1144 592 1198 voluit,
631 1159 686 1185 an
716 1144 879 1186 fructus
911 1145 1106 1199 integros
1139 1147 1268 1199 atque
1302 1145 1406 1186 adeo

65 1203 179 1245 bona
194 1203 476 1258 fortunasque
498 1206 718 1244 aratorum
739 1204 877 1244 omnis
899 1203 1159 1245 vendidisti?
1193 1203 1238 1244 Si
1261 1204 1408 1258 palam

65 1276 218 1316 praeco
255 1262 373 1303 iussu
409 1264 483 1303 tuo
516 1262 807 1316 praedicasset
838 1277 925 1303 non
958 1262 1157 1303 decumas
1189 1261 1408 1316 frumenti,

66 1321 139 1362 sed
185 1320 381 1362 dimidias
426 1321 570 1362 venire
614 1321 770 1374 partis,
815 1323 858 1362 et
901 1322 963 1361 ita
1008 1323 1224 1375 emptores
1270 1335 1407 1362 acces-

66 1379 234 1433 sissent,
269 1382 318 1420 ut
350 1380 403 1421 ad
429 1379 626 1420 dimidias
659 1380 796 1434 partis
829 1380 1041 1433 emendas,
1075 1379 1112 1420 si
1142 1379 1280 1434 pluris
1312 1394 1407 1420 ven-

66 1438 244 1479 didisses
288 1441 337 1479 tu
381 1438 579 1479 dimidias
623 1453 752 1492 quam
796 1438 927 1479 ceteri
971 1438 1188 1492 decumas,
1236 1438 1406 1479 cuinam

64 1497 221 1538 mirum
254 1497 499 1538 videretur?
556 1496 695 1545 Quid?
738 1496 774 1537 si
805 1512 959 1551 praeco
993 1497 1192 1539 decumas
1224 1511 1407 1551 pronun-

64 1555 210 1609 tiavit,
241 1570 286 1596 re
318 1570 436 1608 vera,
467 1556 550 1597 1100
582 1558 647 1597 est
678 1556 791 1610 lege,
824 1555 979 1609 edicto,
1012 1555 1277 1610 condicione,
1309 1556 1406 1610 plus

65 1614 196 1655 etiam
224 1629 352 1668 quam
385 1614 584 1655 dimidiae
616 1614 852 1668 venierunt,
884 1617 1031 1655 tamen
1062 1614 1144 1655 hoc
1175 1614 1257 1655 tibi
1289 1629 1408 1668 prae-

65 1673 227 1714 clarum
264 1673 458 1727 putabis,
501 1675 544 1713 te
582 1673 736 1727 pluris,
782 1672 894 1726 quod
932 1687 1017 1714 non
1056 1673 1234 1726 licebat,
1279 1687 1408 1726 quam

66 1734 246 1785 ceteros,
280 1732 392 1785 quod
425 1731 673 1786 oportebat,
704 1731 975 1772 vendidisse?
1031 1730 1175 1772 Pluris
1209 1731 1407 1773 decumas

64 1790 294 1832 vendidisti
339 1805 469 1844 quam
513 1790 654 1832 ceteri.
723 1789 887 1839 Quibus
932 1790 1059 1831 rebus
1097 1790 1140 1831 id
1180 1790 1406 1832 adsecutus

65 1849 139 1890 es?
182 1849 456 1891 innocentia?
518 1848 676 1903 Aspice
718 1848 865 1890 aedem
904 1848 1116 1902 Castoris,
1160 1848 1327 1902 deinde,
1374 1849 1409 1890 si

66 1907 206 1962 audes,
231 1907 301 1949 fac
320 1907 583 1949 mentionem
609 1907 890 1949 innocentiae.
934 1907 1205 1963 Diligentia?
1239 1907 1407 1949 Codicis

64 1966 217 2008 lituras
244 1966 308 2007 tui
340 1967 632 2021 contemplare
664 1966 710 2007 in
735 1965 887 2008 Stheni
917 1966 1188 2008 Thermitani
1218 1967 1408 2021 nomine,

67 2024 214 2067 deinde
241 2025 348 2067 aude
374 2028 417 2066 te
444 2026 582 2067 dicere
609 2025 872 2080 diligentem.
920 2025 1129 2081 Ingenio?
1169 2025 1252 2074 Qui
1283 2025 1408 2066 testis

66 2083 330 2140 interrogare
374 2084 517 2139 priore
561 2084 729 2125 actione
765 2084 955 2125 nolueris
994 2087 1037 2125 et
1073 2084 1126 2125 iis
1164 2085 1321 2126 tacitus
1362 2098 1409 2125 os

65 2144 186 2184 tuum
223 2142 430 2197 praebere
469 2142 691 2196 malueris,
731 2143 926 2197 quamvis
965 2145 1008 2184 et
1044 2145 1087 2183 te
1127 2145 1169 2184 et
1201 2145 1408 2197 patronos

66 2204 162 2243 tuos
201 2201 448 2257 ingeniosos
487 2215 579 2243 esse
618 2201 758 2243 dicito.
822 2200 915 2250 Qua
952 2216 996 2242 re
1030 2202 1166 2257 igitur
1196 2202 1257 2256 id,
1297 2201 1408 2256 quod

67 2260 140 2314 ais,
172 2260 399 2302 adsecutus
426 2261 501 2303 es?
550 2259 713 2315 Magna
739 2262 804 2301 est
831 2260 943 2301 enim
970 2261 1078 2314 laus,
1105 2260 1141 2301 si
1168 2260 1409 2314 superiores

67 2319 243 2361 consilio
270 2319 425 2373 vicisti,
456 2319 770 2375 posterioribus
798 2319 1041 2373 exemplum
1069 2322 1197 2373 atque
1225 2318 1407 2360 auctori-

64 2379 199 2419 tatem
249 2378 477 2432 reliquisti.
545 2378 643 2419 Tibi
692 2378 878 2419 fortasse
923 2378 1099 2419 idoneus
1144 2377 1227 2419 fuit
1270 2393 1408 2431 nemo,

65 2449 189 2486 quem
239 2436 476 2487 imitarere3
527 2440 572 2479 at
622 2439 664 2477 te
711 2437 909 2478 videlicet
952 2437 1221 2478 inventorem
1265 2452 1408 2478 rerum.

1434 1798 1475 1830 41
