1675 2574
463 121 563 157 CAP.
590 124 729 156 25—28
756 125 775 164 ς
802 125 951 156 70—76.
1326 121 1383 162 55
1443 97 1445 99 ι

39 219 114 275 qui
148 217 409 272 intellegunt
443 217 658 263 neminem
696 230 749 258 ne
788 216 1012 258 minimum
1050 216 1221 271 quidem
1253 217 1382 258 male-

40 277 181 320 ficium
213 275 304 317 sine
336 288 465 317 causa
497 275 735 316 admittere.
810 310 812 312 ,
947 293 953 297 ·

154 334 281 387 Esto,
319 347 493 375 causam
530 333 723 388 proferre
753 347 840 375 non
871 335 1007 388 poteS.
1070 332 1263 375 Tametsi
1295 336 1381 374 star
1396 331 1448 372 27

40 394 118 437 tim
143 393 296 435 vicisse
323 392 469 445 debeo,
500 394 647 434 tamen
672 392 722 433 de
748 407 842 434 meo
872 393 963 434 iure
989 392 1189 434 decedam
1215 394 1258 433 et
1288 392 1382 445 tibi,

41 451 153 509 quod
178 451 222 492 in
251 451 337 492 alia
369 464 498 501 causa
527 465 615 492 non
647 451 933 504 concederem,
964 451 1009 492 in
1039 450 1120 493 hac
1152 450 1382 492 concedam

38 511 174 553 fretus
217 509 344 551 huius
380 509 635 550 innocentia.
696 509 794 550 Non
833 524 990 563 quaero
1030 509 1106 551 abs
1145 511 1206 563 te,
1251 523 1382 564 quare

26 571 207 626 ‚patrem
234 566 327 610 Sex.
346 567 528 609 Roscius
557 567 769 621 occiderit,
804 582 974 622 quaero,
1007 582 1090 623 quo
1116 567 1244 610 modo
1277 567 1376 609 occi·

39 627 159 670 derit.
215 626 284 668 Ita
310 640 468 681 quaero
501 626 577 667 abs
609 628 670 680 te,
703 624 747 667 C.
771 625 920 668 Eruci:
954 642 1037 681 quo
1070 627 1215 680 modo,
1247 629 1290 668 et
1322 626 1382 667 sic

38 689 180 728 tecum
212 699 358 740 agam,
395 687 443 726 ut
480 699 574 726 meo
606 685 700 726 loco
732 685 800 726 vel
833 686 1118 740 respondendi
1149 685 1218 728 vel
1249 685 1382 726 inter-

38 744 229 801 pellandi
271 744 353 785 tibi
394 745 656 798 potestatem
698 743 856 785 faciam
900 744 969 785 vel
1013 744 1161 799 etiam,
1206 744 1243 785 si
1281 743 1383 798 quid
1478 797 1481 799 -

39 804 169 856 voles,
199 802 508 858 interrogandi.
552 801 644 851 Quo
670 802 796 844 modo
830 802 1014 844 occidit?
1045 803 1137 864 ipse
1169 803 1382 858 percussit
1409 805 1452 836 74

40 876 95 904 an
126 862 224 903 aliis
257 861 533 903 occidendum
564 861 710 902 dedit?
769 859 813 902 Si
844 861 999 915 ipsum
1019 861 1183 917 arguis,
1220 861 1382 903 Romae

38 935 125 963 non
154 920 273 974 fuit3·
292 920 329 962 si
365 934 441 975 per
480 919 587 961 alios
618 919 770 962 fecisse
803 920 926 973 dicis,
966 934 1142 974 quaero,
1182 934 1382 962 servosne

40 994 95 1022 an
145 979 336 1020 liberos?
391 978 440 1020 Sa·
489 979 648 1033 liberos,
702 993 808 1032 quos
858 978 1083 1020 homines?
1139 978 1382 1020 indidemne

40 1037 215 1080 Ameria
252 1052 308 1079 an
343 1037 473 1078 hosce
511 1051 562 1078 ex
598 1037 703 1078 urbe
742 1037 947 1080 sicarios?
996 1036 1041 1078 Si
1072 1038 1265 1092 Ameria,
1311 1037 1384 1091 qui

40 1099 140 1139 sunt
164 1096 223 1138 ii‘?
256 1111 330 1138 cur
360 1110 448 1137 non
478 1096 786 1137 nominantur?
819 1096 855 1136 si
882 1096 1032 1149 Roma,
1064 1096 1175 1137 unde
1207 1111 1279 1137 eos
1311 1110 1384 1138 110-

39 1157 160 1198 verat
196 1155 395 1208 Roscius,
440 1155 513 1209 qui
549 1154 734 1196 Romam
777 1155 926 1196 multis
972 1155 1094 1196 annis
1137 1169 1225 1196 non
1265 1154 1386 1195 venit

39 1228 175 1268 neque
217 1228 422 1268 umquam
459 1214 557 1268 plus
595 1213 737 1254 triduo
775 1213 887 1255 fuit?
930 1213 1004 1254 ubi
1043 1228 1114 1255 eos
1154 1213 1382 1255 convenit?

41 1273 114 1328 qui
138 1272 386 1314 conlocutus
414 1272 508 1313 est?
541 1287 624 1326 quo
651 1272 782 1314 -modo
815 1272 1059 1326 persuasit?
1090 1272 1284 1313 Pretium
1317 1271 1384 1313 de-

41 1331 120 1383 dit3
158 1331 225 1373 cui
263 1331 406 1372 dedit?
451 1345 526 1386 per
564 1345 690 1384 quem
729 1330 873 1372 dedit?
916 1331 1027 1372 unde
1066 1333 1141 1372 aut
1173 1332 1384 1385 quantum

40 1390 185 1432 dedit?
217 1388 371 1431 Nonne
396 1389 464 1430 his
491 1390 687 1445 vestigiis
714 1390 767 1431 ad
792 1392 921 1444 caput
946 1389 1146 1431 maleficii
1170 1389 1385 1444 perveniri

41 1449 180 1491 solet?
223 1448 283 1489 Et
320 1449 446 1490 simul
483 1448 564 1489 tibi
603 1449 647 1489 in
679 1451 867 1489 mentem
898 1448 1044 1490 veniat
1075 1448 1225 1502 facito,
1257 1462 1384 1502 quem

40 1508 94 1550 ad
130 1507 305 1549 modum
342 1507 478 1548 vitam
514 1507 689 1549 huiusce
722 1507 983 1562 depinxeris,
1021 1507 1134 1549 hunc
1164 1507 1384 1548 hominem

38 1566 178 1608 ferum
217 1568 345 1621 atque
383 1568 598 1621 agrestem
629 1565 779 1619 fuisse,
816 1580 1052 1620 numquam
1082 1581 1179 1607 cum
1210 1565 1384 1607 homine

42 1639 257 1681 quoquam
295 1625 555 1666 collocutum
593 1639 704 1678 esse,
740 1639 976 1678 numquam
1012 1625 1058 1665 in
1096 1624 1253 1679 oppido
1286 1639 1384 1666 con-

37 1684 215 1726 stitisse.
267 1683 360 1733 Qua
385 1683 430 1724 in
454 1698 499 1724 re
524 1686 747 1738 praetereo
773 1683 893 1736 illud,
923 1683 1037 1737 quod
1063 1683 1170 1724 mihi
1195 1683 1383 1724 maximo
1411 1691 1454 1722 75

42 1745 295 1799 argumento
317 1742 370 1784 ad
389 1742 515 1783 huius
541 1742 831 1784 innocentiam
856 1744 1029 1796 poterat
1056 1756 1160 1794 esse,
1184 1742 1230 1783 in
1254 1741 1385 1783 rusti-

41 1801 102 1844 cis
126 1802 330 1854 moribus,
362 1801 407 1842 in
432 1801 549 1842 victu
581 1801 712 1855 arido,
742 1801 788 1842 in
818 1801 899 1842 hac
930 1800 1106 1842 horrida
1136 1800 1384 1855 incultaque

42 1860 131 1903 vita
167 1860 293 1901 istius
332 1860 448 1901 modi
485 1860 697 1902 maleficia
729 1860 850 1915 gigni
880 1873 968 1901 non
999 1860 1149 1901 solere.
1205 1859 1267 1901 Ut
1297 1874 1386 1901 11011

44 1933 212 1963 omnem
236 1918 406 1974 frugem
434 1933 571 1973 neque
604 1919 802 1960 arborem
833 1918 878 1959 in
910 1918 1027 1960 omni
1059 1932 1165 1974 agro
1197 1918 1385 1973 reperire

43 1978 199 2033 possis,
238 1978 298 2019 sic
336 1992 425 2019 non
462 1992 587 2019 omne
624 1977 790 2019 facinus
828 1977 873 2023 in
911 1977 1028 2018 omni
1059 1977 1149 2018 vita
1179 1977 1384 2018 nascitur.

42 2035 95 2078 In
124 2037 229 2078 urbe
260 2036 449 2078 luxuries
482 2038 667 2090 creatur,
707 2050 758 2077 ex
788 2035 955 2077 luxurie
988 2036 1170 2077 exsistat
1202 2035 1386 2077 avaritia
1580 2080 1583 2083 ,
1653 2083 1655 2085 ,

43 2109 214 2137 necesse
241 2098 324 2149 est,
357 2109 408 2136 ex
440 2095 624 2137 avaritia
656 2097 854 2149 erumpat
886 2094 1080 2148 audacia,
1111 2094 1209 2135 inde
1242 2094 1387 2136 omnia
1645 2093 1670 2143 1

44 2154 204 2196 scelera
224 2169 272 2196 ac
291 2154 502 2195 maleficia
526 2153 781 2209 gignuntur3
806 2153 897 2194 vita
918 2154 1062 2194 autem
1082 2153 1187 2194 haec
1212 2152 1387 2206 rustica,
1643 2146 1657 2184 ²3

45 2221 172 2267 quam
219 2216 268 2254 tu
312 2216 528 2268 agrestem
571 2227 715 2267 vocas,
764 2211 1072 2267 parsimoniae,
1123 2211 1386 2267 diligentiae,
1605 2223 1614 2231 '
1642 2217 1673 2262 ζὶ

44 2270 234 2313 iustitiae
265 2271 476 2327 magistra
509 2274 586 2313 est.

130 2329 290 2372 Verum
327 2330 433 2372 haec
470 2330 603 2371 missa
639 2329 767 2383 faci03
808 2329 917 2370 illud
955 2344 1132 2384 quaero,
1168 2329 1206 2370 is
1243 2308 1456 2390 1101110,ξέ
1644 2317 1675 2402 ἐ

1642 1867 1658 2074 ...,,ῑ,,....ᾼ;.
1653 1794 1657 1847 η.-
1641 1501 1658 1779 -;Ᾰ;ὲ1ι;;-”.<-.υ...
1639 1470 1644 1479 “
1642 1436 1644 1449 “
