1675 2574
528 98 630 134 CAP.
657 103 689 142 5,
716 103 736 134 6
762 103 781 142 ξ
809 103 956 135 18—26.
1388 100 1411 140 7

157 192 357 247 Obsecro,
389 191 434 235 C.
460 193 609 248 Aquili
642 209 812 249 vosque,
845 194 918 249 qui
950 194 1109 236 adestis
1141 195 1185 235 in
1218 196 1411 250 consilio,

69 255 118 295 ut
149 251 376 307 diligenter
408 252 655 306 attendatis,
686 256 734 294 ut
767 253 985 308 singulare
1019 267 1153 309 genus
1179 253 1342 295 fraudis
1369 257 1412 295 et

68 324 224 353 novam
262 310 474 352 rationem
511 310 763 353 insidiarum
796 326 1051 367 cognoscere
1082 312 1272 367 possitis.
1334 312 1412 354 Ait

70 383 114 411 se
146 368 440 410 auctionatum
472 383 564 410 esse
589 370 635 411 in
660 369 820 424 Gallia3
852 370 965 424 quod
997 370 1080 412 sibi
1111 370 1339 425 videretur,
1366 386 1411 413 se

33 427 325 481 svendidisse3
363 441 551 481 curasse,
588 443 640 469 ne
674 429 775 482 quid
806 429 889 470 sibi
921 429 1103 470 societas
1137 429 1328 483 deberct3
1367 444 1411 472 se

67 486 153 528 iam
166 499 303 540 neque
318 485 466 527 vadari
481 487 665 541 amplius
682 502 819 541 neque
833 487 1125 530 vadimonium
1138 488 1411 542 promittere3

69 548 105 586 si
132 543 233 599 quid
258 558 386 600 agere
413 558 555 586 secum
580 545 686 586 velit
706 545 941 600 Quinctius,
966 561 1054 588 non
1071 561 1281 588 recusare.
1329 547 1411 589 Hic

68 617 164 645 cum
200 617 291 644 rem
329 601 597 644 Gallicanam
642 607 816 658 cuperet
859 605 1062 659 revisere,
1105 605 1323 647 hominem
1366 606 1412 647 in

67 661 311 717 praesentia
335 675 422 703 non
446 661 646 715 vadatur3
684 662 746 703 ita
772 663 862 704 sine
894 663 1139 705 vadimonio
1169 664 1411 706 disceditur.

33 731 50 757 ⁰
69 719 233 762 Deinde
263 718 426 761 Romae
465 719 554 761 dies
591 732 689 762 xxx
725 720 814 762 fere
847 720 1069 769 Quinctius
1102 726 1412 777 commoratur3

67 793 164 821 cum
200 778 352 820 ceteris
391 793 499 833 quae
535 778 726 820 habebat
763 780 1025 834 vadimonia,
1065 781 1223 835 differt,
1261 784 1310 823 ut
1342 796 1411 823 ex-

66 837 267 892 peditus
256 852 300 878 in
321 836 508 878 Galliam
527 837 740 891 proficisci
759 841 924 892 posset,
950 814 1246 893 proficiscituix
1272 839 1412 882 Roma

67 895 286 952 egreditur
324 898 423 937 ante
461 896 571 937 diem
608 908 641 937 11
672 896 851 937 Kalend.
890 896 1146 939 Ρθ111·11ε111313
1187 898 1410 946 Quinctius

68 952 264 1009 Scipione
297 956 340 995 et
370 954 576 996 Norbano
609 969 715 996 coss.
761 954 940 1010 Quaeso,
971 959 1019 997 ut
1052 971 1148 998 eum
1181 957 1292 998 diem
1323 972 1411 999 me-

33 1013 230 1055 smoriae
266 1012 491 1054 mandetis.
551 1012 597 1054 L.
630 1013 786 1055 Albius
825 1013 918 1056 Sex.
954 1015 1068 1056 filius
1108 1015 1303 1070 Quirina,
1346 1016 1412 1058 vir

67 1072 204 1113 bonus
231 1073 273 1112 et
299 1086 395 1113 cum
420 1072 570 1126 primis
596 1072 816 1127 honestus,
842 1087 927 1114 una
945 1073 1164 1127 profectus
1185 1077 1262 1116 est.
1303 1073 1411 1116 Cum

66 1130 283 1172 venissent
302 1130 355 1171 ad
374 1129 498 1171 Vada
517 1130 805 1172 Volaterrana
826 1146 933 1185 quae
952 1133 1242 1186 nominantur,
1265 1133 1411 1174 vident

65 1188 404 1244 perfamiliarem
428 1188 578 1244 Naevi,
611 1190 684 1243 qui
710 1204 759 1231 ex
786 1189 928 1231 Gallia
956 1205 1111 1245 pueros
1143 1192 1317 1233 venales
1336 1192 1412 1232 isti

66 1247 315 1298 adducebat,
345 1246 392 1288 L.
418 1247 677 1302 Publicium,
709 1248 793 1302 qui,
825 1251 873 1289 ut
898 1249 1082 1290 Romam
1107 1250 1237 1304 venit,
1261 1253 1412 1291 narrat

66 1304 242 1360 Naevio,
274 1320 357 1360 quo
388 1306 435 1347 in
464 1306 558 1348 loco
591 1307 747 1348 viderit
778 1306 1035 1356 Quinctium.
1092 1307 1214 1357 Quod
1244 1309 1330 1350 nisi
1361 1323 1411 1350 ex

67 1364 260 1406 Publicio
286 1367 504 1406 narrabam
529 1365 686 1407 Naevio
710 1370 817 1420 esset,
847 1380 930 1408 non
956 1370 1042 1408 tam
1067 1368 1143 1409 cito
1167 1380 1232 1409 res
1255 1368 1302 1409 in
1320 1381 1410 1409 con-

67 1424 280 1465 tentionem
310 1424 487 1466 vmzisset.
552 1424 660 1465 Tum
691 1425 873 1466 Naevius
909 1439 1065 1479 pueros
1104 1425 1264 1467 circum
1306 1426 1411 1467 ami-

66 1496 139 1524 cos
178 1481 377 1536 dimittit,
414 1482 507 1536 ipse
545 1496 645 1524 suos
682 1483 947 1525 necessarios
987 1484 1040 1525 ab
1080 1484 1203 1525 atriis
1235 1484 1411 1526 Liciniis

67 1542 110 1581 et
136 1555 162 1581 a
185 1540 380 1581 faucibus
407 1541 578 1582 macelli
605 1544 818 1596 corrogat,
843 1544 892 1582 ut
918 1542 972 1583 ad
997 1542 1194 1584 tabulam
1221 1541 1412 1584 Sextiam

67 1598 151 1640 sibi
176 1598 319 1640 adsint
343 1599 451 1640 hora
476 1599 661 1640 secunda
679 1600 898 1654 postridie.
943 1599 1134 1642 Veniunt
1152 1601 1411 1656 frequentes.

67 1656 341 1699 Testificatur
395 1656 478 1698 iste
534 1670 572 1698 P.
629 1670 888 1708 QmNCTmM
943 1671 1039 1701 NON
1095 1671 1294 1702 STITISSE
1353 1672 1411 1702 ΕΤ

68 1727 267 1758 STITISSE
288 1727 362 1770 SE3
388 1716 563 1757 tabulae
583 1718 767 1758 maxime
795 1717 930 1772 signis
956 1717 1179 1759 hominum
1201 1718 1412 1760 nobilium

67 1748 387 1830 consignantur,
413 1774 656 1816 disceditur.
705 1775 906 1817 Postulat
933 1791 957 1817 a
975 1775 1186 1818 Buriieno
1212 1780 1412 1832 praetore

66 1831 274 1887 Naevius,
317 1835 366 1874 ut
411 1848 461 1874 ex
499 1833 637 1875 edicto
675 1834 789 1876 bona
826 1835 1045 1889 possidere
1090 1836 1236 1890 liceat3
1285 1836 1413 1877 iussit

67 1891 181 1934 bona
206 1891 417 1946 proscribi
449 1892 551 1946 eius,
584 1892 754 1946 quicum
785 1893 1060 1935 familialitas
1092 1893 1248 1948 fuerat,
1280 1895 1413 1936 socie-

67 1953 135 1992 tas
162 1953 266 2002 erat,
292 1950 482 1992 affinitas
508 1926 656 1992 liberis
682 1951 808 1993 istius
834 1951 943 1993 vivis
971 1952 1118 1993 divelli
1142 1953 1263 1994 nullo
1284 1953 1410 1995 modo

66 2012 249 2064 poterat.
300 2009 395 2058 Qua
420 2024 470 2050 ex
495 2023 541 2050 re
567 2009 766 2065 intellegi
790 2010 916 2052 facile
942 2011 1086 2065 potuit
1117 2012 1286 2052 nullum
1318 2026 1410 2053 esse

68 2067 256 2110 officium
270 2070 361 2109 tam
382 2070 578 2110 sanctum
599 2070 727 2122 atque
749 2069 968 2120 sollemne,
990 2069 1102 2123 quod
1121 2084 1209 2111 non
1229 2071 1413 2112 avaritia

68 2127 353 2169 comminuere
398 2141 447 2168 ac
491 2126 653 2168 violare
700 2127 850 2168 soleat.
924 2127 1099 2169 Etenim
1143 2128 1180 2169 si
1228 2129 1412 2171 veritate

70 2185 276 2236 amicitia,
318 2185 402 2226 fide
446 2185 648 2239 societas,
693 2185 855 2240 pietate
898 2186 1198 2241 propinquitas
1244 2188 1412 2242 colitur,

68 2258 238 2286 necesse
276 2246 343 2285 est
380 2243 483 2298 iste,
521 2244 594 2298 qui
632 2244 834 2299 amicum,
867 2245 1047 2299 socium,
1085 2245 1258 2287 affinem
1295 2246 1413 2288 fama

68 2316 118 2344 ac
159 2302 344 2345 fortunis
385 2302 572 2358 spoliare
611 2305 788 2345 conatus
828 2306 911 2358 est,
947 2318 1107 2345 vanum
1148 2319 1193 2346 se
1234 2304 1278 2346 et
1319 2320 1412 2361 per·

1438 195 1464 235 6

1439 322 1481 352 23

1437 848 1481 879 24

1437 2021 1482 2052 26
