1618 2584
175 246 262 287 406
580 246 631 280 IN
659 246 695 281 C.
715 245 919 281 VERREM
943 246 1045 281 ACT.
1070 246 1114 280 11.

179 342 413 396 audaciam,
445 342 691 394 amentiam,
723 341 768 382 in
792 340 846 382 iis
872 341 1127 395 praesertim
1160 341 1292 383 sacris
1324 342 1517 397 polluen-

178 401 260 455 dis,
305 415 413 455 quae
456 414 544 442 non
580 399 707 441 modo
745 399 944 440 manibus
983 399 1160 454 attingi,
1203 399 1276 441 sed
1312 414 1366 442 ne
1404 400 1517 456 cogi-

176 459 341 501 tatione
387 458 558 513 quidem
601 457 757 499 violari
798 457 865 499 fas
905 457 1000 498 fuit.
1069 456 1311 500 Sacrarium
1350 457 1516 500 Cereris

179 522 244 560 est
294 517 408 573 apud
451 516 701 558 Catinenses
748 516 894 558 eadem
937 516 1165 571 religione,
1216 531 1300 571 qua
1341 517 1516 572 Romae,

177 592 262 631 qua
287 576 332 618 in
358 576 511 618 ceteris
538 575 656 629 10018,
689 589 773 630 qua
797 589 931 630 prope
955 574 1013 616 in'
1029 577 1124 617 toto
1158 575 1261 616 orbe
1293 578 1516 617 terrarum.
1536 589 1551 615 ⁵

175 636 226 677 In
270 649 318 676 eo
365 634 553 676 sacrario
597 634 751 676 intimo
793 634 964 689 signum
1001 633 1086 676 fuit
1123 632 1291 676 Cereris
1328 635 1517 689 peranti-

178 708 327 748 quum,
366 693 480 747 quod
510 693 592 734 viri
621 707 709 734 non
740 693 866 735 modo
899 692 1018 735 cuius
1049 692 1167 734 modi
1199 695 1328 747 esset,
1360 693 1435 735 sed
1464 708 1517 735 ne

178 767 269 794 esse
314 752 485 807 quidem
530 751 741 806 sciebant3
786 751 927 793 aditus
968 751 1082 793 enim
1118 751 1165 793 in
1200 751 1244 792 id
1282 752 1516 794 sacrarium

175 825 262 853 11011
301 813 366 853 est
403 810 525 864 viris;
564 825 686 852 sacra
722 825 800 866 per
831 810 1031 852 mulieres
1064 825 1113 852 ac
1143 810 1334 866 virgines
1366 811 1518 853 confici

177 870 329 912 solent.
390 868 485 911 Hoc
522 869 695 925 signum
730 872 861 911 noctu
899 869 1011 911 clam
1047 869 1174 911 istius
1213 869 1326 911 servi
1358 884 1408 911 ex
1439 870 1516 911 illo
1538 884 1570 909 10

174 928 505 984 religiosissimo
561 931 690 982 atque
741 928 1042 982 antiquissimo
1092 928 1186 970 loco
1238 929 1517 970 sustulerunt.

174 987 389 1029 Postridie
409 987 652 1029 sacerdotes
674 986 840 1029 Cereris
868 990 996 1042 atque
1021 987 1139 1028 illius
1164 986 1255 1028 fani
1282 987 1517 1042 antistitae,

175 1046 359 1088 maiores
397 1048 521 1100 natu,
558 1046 768 1101 probatae
805 1060 853 1088 ac
884 1046 1051 1088 nobiles
1084 1045 1303 1100 mulieres,
1341 1060 1432 1088 rem
1464 1046 1518 1088 ad

174 1105 459 1161 magistratus
498 1119 598 1147 suos
638 1104 848 1146 deferunt.
904 1104 1112 1146 Omnibus
1151 1105 1370 1158 acerbum,
1411 1105 1517 1146 indi-

108 1173 171 1204 100
204 1178 354 1219 gnum,
387 1164 631 1205 luctuosum
664 1163 844 1218 denique
872 1163 1110 1205 videbatur.
1166 1162 1276 1205 Tum
1307 1164 1390 1205 iste
1422 1179 1516 1218 per·
1537 1177 1570 1203 15
1615 1182 1618 1204 2

173 1225 318 1264 motus
356 1222 434 1264 illa
466 1222 696 1264 atrocitate
727 1222 911 1278 negotii,
949 1225 997 1263 ut
1029 1223 1083 1264 ab
1116 1236 1161 1263 se
1194 1222 1366 1265 sceleris
1398 1223 1515 1264 illius

175 1281 361 1336 suspicio
384 1281 693 1335 demoveretur,
719 1281 793 1322 dat
813 1281 976 1336 hospiti
996 1295 1073 1322 suo
1094 1281 1262 1323 cuidam
1281 1281 1516 1336 negotium,

172 1343 222 1382 ut
259 1340 446 1394 aliquem
483 1340 709 1394 reperiret,
749 1354 874 1394 quem
909 1339 1018 1381 illud
1049 1339 1201 1382 1001880
1232 1339 1516 1394 insimularet,

174 1400 378 1453 daretque
424 1413 616 1453 operam,
660 1400 709 1439 ut
745 1398 782 1439 18
821 1413 870 1440 eo
910 1398 1087 1439 crimine
1126 1398 1420 1452 damnaretur,
1462 1413 1516 1440 ne

172 1458 265 1513 ipse
291 1459 405 1499 esset
436 1457 480 1498 in
512 1457 700 1499 erimine.
756 1456 842 1498 Res
873 1471 960 1499 non
991 1458 1345 1512 procrastinatur.
1401 1456 1516 1499 Nam
1536 1471 1569 1496 20
1609 1488 1616 1498 ,ί

173 1531 269 1558 011111
324 1516 407 1557 iste
459 1514 614 1557 Catina
668 1515 888 1570 profectus
945 1518 1076 1569 esset,
1133 1515 1247 1557 servi
1296 1516 1516 1557 cuiusdam

172 1589 330 1617 nomen
350 1574 556 1628 defertur3
582 1574 620 1615 is
640 1576 879 1628 accusatur,
902 1574 994 1615 ficti
1012 1576 1147 1615 testes
1166 1574 1212 1615 in
1232 1588 1328 1615 eum
1349 1574 1516 1615 dantur.

173 1633 281 1675 Rem
320 1636 497 1675 cunctus
537 1635 712 1674 senatus
745 1632 1040 1675 Catinensium
1077 1632 1247 1688 legibus
1286 1632 1516 1674 iudicabat.

174 1690 427 1734 Sacerdotes
453 1694 680 1746 vocantur3
713 1706 763 1732 ex
788 1691 841 1732 iis
869 1691 1089 1746 quaeritur
1116 1693 1279 1733 secreto
1308 1691 1355 1732 in
1387 1691 1515 1746 curia,

175 1751 275 1806 quid
325 1765 418 1792 esse
467 1750 631 1792 factum
681 1750 1014 1804 arbitrarentur,
1068 1764 1194 1805 quem
1245 1749 1298 1791 ad
1341 1750 1516 1792 modum
1535 1761 1567 1789 25

174 1810 346 1865 signum
376 1812 489 1851 esset
521 1809 728 1851 ablatum.
783 1809 1062 1863 Respondent
1092 1809 1194 1850 illae
1225 1809 1439 1863 praetoris
1471 1809 1517 1850 in

174 1883 223 1910 eo
249 1869 344 1910 loeo
373 1882 519 1910 servos
553 1882 646 1909 esse
678 1868 806 1909 visos.
856 1867 954 1921 Res,
988 1882 1096 1922 quae
1126 1870 1239 1909 esset
1270 1867 1357 1908 iam
1389 1870 1516 1909 antea
1584 1823 1590 1945 1

171 1941 259 1969 11011
303 1927 502 1981 obscura,
547 1926 819 1968 sacerdotum
862 1926 1113 1968 testimonio
1157 1925 1382 1981 perspicua
1423 1940 1515 1968 esse

173 1985 325 2040 coepit.
380 1985 473 2027 Itur
504 1985 550 2026 in
582 1985 827 2039 consilium3
860 1999 1007 2027 servus
1039 1985 1113 2026 ille
1145 1985 1348 2027 innocens
1382 1985 1515 2027 omni·
1582 1957 1586 2048 1

104 2110 168 2142 101
197 2103 423 2145 sententiis
456 2103 738 2145 condemnare
770 2103 961 2158 possitis.
1020 2102 1130 2151 Quid
1163 2102 1275 2144 enim
1306 2103 1515 2157 postulas,
1580 2135 1582 2166 Ξ
1609 2112 1618 2152 fi

172 2161 360 2203 Verres?
411 2161 513 2216 quid
551 2176 716 2217 speras,
762 2162 864 2216 quid
901 2164 1118 2217 expectas,
1157 2176 1283 2216 quem
1321 2161 1403 2202 tibi
1441 2164 1516 2203 aut
1578 2177 1582 2235 ἱ

173 2220 298 2262 (1011111
331 2222 406 2262 aut
436 2220 655 2262 hominem
687 2221 846 2262 auxilio
878 2220 1073 2262 futurum
1104 2220 1261 2274 putas?
1316 2219 1436 2261 Eone
1467 2222 1515 2261 tu
1578 2238 1581 2279 g

172 2293 319 2321 servos
349 2279 402 2320 ad
434 2279 708 2334 spoliandum
739 2279 889 2321 fanum
919 2279 1140 2320 inmittere
1173 2292 1301 2320 ausus
1334 2293 1397 2333 es,
1430 2293 1512 2333 quo
1576 2283 1579 2319 1

171 2338 332 2379 liberos
366 2338 482 2379 adire
513 2352 567 2379 ne
599 2338 750 2380 orandi
782 2338 953 2392 quidem
986 2352 1115 2380 eausa
1145 2337 1211 2379 fas
1244 2337 1365 2379 erat?
1404 2337 1512 2379 iisne
1531 2327 1618 2389 &liga

170 2396 299 2437 rebus
338 2411 490 2438 manus
530 2396 696 2438 adferre
732 2411 821 2438 non
859 2396 1085 2450 dubitasti,
1124 2410 1149 2437 a
1188 2396 1343 2449 quibus
1381 2395 1512 2438 etiam
1573 2383 1577 2456 ,Ι

171 2455 317 2496 0011108
339 2455 538 2496 cohibere
558 2457 602 2496 te
628 2455 888 2511 religionum
913 2455 1007 2496 iura
1034 2454 1276 2510 cogebant?
1321 2453 1513 2496 Tametsi
1573 2457 1576 2504 Ι
1603 2447 1617 2506 {fl

1571 2534 1587 2584 ,ψ
