1618 2584
391 247 477 281 LIB.
505 246 537 280 Il
583 246 685 281 CAP.
712 251 849 281 43—45
876 250 895 287 ξ
926 250 1117 280 107—112.
1339 246 1423 287 239

92 344 204 399 quod
242 344 276 384 is
315 357 402 384 non
440 343 593 384 absens
632 357 728 383 reus
765 341 904 383 factus
941 344 1071 395 esset,
1109 357 1216 396 quae
1248 356 1315 383 res
1348 342 1423 383 ini-

92 402 295 458 quissima
339 404 466 455 atque
506 401 781 443 acerbissima
819 403 900 454 est,
945 400 1016 441 sed
1054 415 1148 441 cum
1187 400 1225 441 ei
1262 401 1423 455 legatio

90 463 175 502 iam
220 461 402 502 Romam
448 475 472 501 a
516 460 602 501 suis
648 460 809 501 civibus
854 462 966 501 esset
1003 459 1131 500 data?
1201 459 1322 508 Quod
1359 460 1425 500 illi

91 520 248 561 iudices
287 520 424 560 multo
462 519 506 559 in
538 519 695 559 leviore
728 533 856 559 causa
887 520 1130 559 statuerunt
1163 518 1424 572 aequitatem

55 591 70 615 5
92 579 237 630 secuti,
263 593 339 619 vos
366 578 408 618 id
435 580 623 618 statuere
649 577 693 618 in
720 577 976 631 gravissima
1000 591 1141 629 causa,
1170 577 1424 632 praesertim

92 638 273 679 aliorum
307 637 564 678 auctoritate
596 636 681 676 iam
715 636 1031 689 confirmatum,
1064 636 1348 677 dubitabitis?
1471 676 1487 683 ,

180 696 240 737 At
270 710 394 750 quem
426 695 661 747 hominem,
694 693 738 735 C.
758 694 932 748 Verres,
964 698 1087 736 tanta
1119 697 1208 736 tam
1241 694 1401 750 insigni
1429 676 1494 757 ἐξ

91 755 246 796 iniuria
279 754 491 795 affecisti?
530 768 654 807 quem
685 753 902 794 hominem
936 754 1157 795 absentem
1184 754 1233 795 de
1265 753 1423 795 litteris

91 813 303 867 corruptis
330 827 458 854 causa
482 812 702 867 incognita
731 812 1050 853 condemnasti?
1084 812 1201 854 cuius
1235 813 1425 854 absentis

41 884 70 908 10
89 886 247 913 nomen
278 871 505 926 recepisti?
540 886 664 924 quem
698 871 918 912 absentem
950 885 1036 912 non
1068 871 1193 913 modo
1227 872 1316 913 sine
1349 872 1425 913 cri-

91 931 203 971 mine
230 933 272 972 et
299 931 387 971 sine
415 932 537 983 teste,
570 944 716 970 verum
746 929 876 970 etiam
909 930 998 970 sine
1032 933 1278 971 accusatore
1312 931 1425 971 dam-

90 989 234 1030 nasti?
297 988 431 1037 Quem
467 988 713 1030 hominem?
762 988 803 1028 di
840 989 1125 1029 immortales!
1169 1004 1255 1030 non
1288 990 1425 1031 dicam

91 1049 273 1090 amicum
311 1052 451 1102 tuum,
490 1048 601 1102 quod
640 1047 752 1101 apud
789 1047 983 1088 homines
1022 1047 1309 1089 clarissimum
1349 1052 1425 1101 est,

88 1122 175 1148 non
224 1107 457 1161 hospitem,
509 1106 621 1160 quod
665 1106 982 1147 sanctissimum
1027 1109 1110 1160 est3
1158 1107 1267 1147 nihil
1313 1108 1425 1148 enim

39 1178 70 1203 15
91 1166 230 1207 minus
256 1166 438 1207 libenter
465 1165 514 1206 de
548 1164 725 1206 Sthenio
758 1180 1059 1219 commemoro,
1090 1165 1199 1206 nihil
1232 1166 1349 1206 aliud
1380 1167 1425 1207 in

92 1239 159 1279 eo,
198 1225 309 1279 quod
341 1224 594 1279 reprehendi
626 1224 780 1278 possit,
812 1224 1000 1278 invenio,
1032 1224 1116 1264 nisi
1149 1224 1261 1278 quod
1294 1225 1422 1266 homo

89 1284 408 1339 frugalissimus
436 1286 563 1338 atque
588 1283 889 1337 integerrimus
916 1285 970 1336 te,
1006 1283 1224 1324 hominem
1251 1284 1425 1337 plenum

91 1343 246 1397 stupri,
284 1342 456 1397 flagitii,
495 1342 682 1395 sceleris,
722 1342 894 1383 domum
927 1356 1047 1383 suam
1080 1342 1299 1396 invitavit,
1341 1342 1426 1383 nisi

92 1402 216 1456 quod,
243 1402 313 1456 qui
334 1401 513 1453 C.Mari,
538 1400 611 1442 Cn.
632 1400 820 1455 Pompei,
848 1400 891 1442 C.
910 1400 1117 1454 Marcelli,
1142 1400 1188 1442 L.
1209 1399 1425 1455 Sisennae,

37 1473 71 1497 20
90 1460 154 1501 tui
175 1460 421 1513 defensoris,
447 1463 683 1501 ceterorum
706 1460 893 1501 virorum
913 1459 1248 1500 fortissimorum
1269 1460 1425 1515 hospes

90 1519 242 1560 fuisset
280 1523 407 1573 atque
446 1521 576 1571 esset,
614 1519 667 1559 ad
705 1533 800 1559 eum
830 1533 1056 1559 numerum
1088 1519 1425 1560 clarissimorum

91 1577 314 1618 hominum
352 1581 472 1618 tuum
510 1592 676 1631 quoque
713 1592 868 1618 nomen
907 1577 1116 1631 ascripsit.
1180 1577 1319 1625 Quare
1353 1578 1402 1619 de
1432 1588 1494 1618 111

91 1636 281 1691 hospitio
321 1636 482 1678 violato
522 1639 564 1677 et
602 1636 650 1676 de
688 1638 762 1677 tuo
800 1636 884 1676 isto
924 1637 1081 1677 scelere
1119 1636 1282 1677 nefario
1317 1637 1426 1678 nihil

93 1709 263 1749 quer0r3
300 1695 381 1736 hoe
421 1695 511 1736 dico
547 1710 632 1736 non
663 1695 733 1748 iis,
772 1695 842 1748 qui
876 1693 1100 1736 Sthenium
1130 1698 1308 1749 norunt,
1346 1696 1427 1737 hoc

39 1765 72 1789 ‘25
93 1756 158 1794 est
188 1754 347 1795 nemini
380 1768 543 1807 eorum,
576 1754 648 1808 qui
678 1754 723 1794 in
756 1752 901 1795 Sicilia
931 1754 1104 1795 fuerunt
1137 1751 1281 1810 (nemo
1315 1755 1427 1796 enim

92 1812 282 1868 ignorat,
319 1827 401 1867 quo
434 1812 502 1853 hic
533 1812 577 1853 in
610 1812 783 1853 civitate
816 1828 892 1854 sua
925 1813 1167 1867 splendore,
1200 1828 1283 1867 qua
1316 1814 1427 1867 apud

93 1886 239 1913 omnes
273 1870 437 1912 Siculos
470 1871 681 1926 dignitate
715 1875 842 1925 atque
875 1872 1190 1913 existimatione
1224 1872 1316 1926 sit);
1355 1873 1428 1913 sed

92 1933 140 1971 ut
176 1930 243 1971 illi
281 1944 464 1984 quoque,
503 1930 575 1984 qui
612 1930 656 1971 in
691 1945 739 1971 ea
771 1931 992 1984 provincia
1023 1946 1109 1972 non
1139 1930 1330 1985 fuerunt,
1367 1932 1427 1972 in-

91 1989 296 2044 tellegere
313 1989 491 2044 possint,
510 1990 555 2029 in
574 2004 655 2043 quo
673 1989 845 2030 homine
865 1991 945 2041 [tu]
967 1990 1168 2031 statueris
1187 1991 1427 2045 exemplum

40 2059 73 2084 30
92 2048 217 2089 huius
256 2048 388 2101 modi,
426 2048 538 2102 quod
576 2063 670 2088 cum
706 2050 881 2103 propter
912 2048 1185 2102 iniquitatem
1218 2049 1296 2101 rei,
1334 2052 1427 2090 tum

93 2107 223 2148 etiam
261 2109 438 2161 propter
474 2106 660 2147 hominis
701 2107 957 2162 dignitatem
996 2108 1196 2149 acerbum
1229 2108 1425 2148 omnibus
1440 2142 1496 2183 46

94 2168 221 2220 atque
247 2165 563 2207 intolerandum
590 2166 815 2206 videretur.
866 2166 1000 2207 Estne
1029 2166 1230 2208 Sthenius
1256 2167 1304 2219 is,
1331 2167 1404 2220 qui
1432 2194 1496 2224 112

93 2239 238 2266 omnes
264 2225 448 2266 honores
475 2224 589 2265 domi
616 2239 716 2265 suae
740 2224 944 2266 facillime
972 2241 1067 2267 eum
1094 2226 1270 2279 adeptus
1301 2228 1425 2279 esset,

94 2283 356 2338 amplissime
392 2298 440 2324 ac
472 2283 894 2338 magnificentissime
928 2285 1079 2339 gessit,
1119 2284 1191 2339 qui
1224 2284 1427 2338 oppidum

42 2351 75 2376 35
94 2356 179 2383 non
222 2343 453 2383 maximum
498 2342 693 2383 maximis
739 2358 787 2383 ex
831 2344 1010 2396 pecunia
1054 2358 1130 2384 sua
1174 2343 1277 2384 locis
1316 2358 1427 2385 com-

95 2401 293 2442 munibus
330 2402 702 2455 monumentisque
738 2402 971 2454 decoravit,
1016 2402 1133 2443 cuius
1172 2402 1221 2443 (le
1260 2402 1425 2443 meritis

94 2458 139 2499 in
163 2473 252 2500 rem
278 2460 493 2514 publicam
520 2460 894 2502 Thermitanorum
923 2460 1171 2515 Siculosque
1204 2461 1423 2502 universos
