1618 2584
122 293 177 334 35

122 345 165 375 77

193 216 277 256 396
591 215 642 249 IN
669 215 705 249 C.
726 215 928 249 VERREM
954 215 1055 250 ACT.
1082 216 1124 250 Π.

278 311 449 365 Videte,
494 314 655 365 quanta
698 311 849 366 religio
892 310 1033 352 fuerit.
1095 311 1221 366 Apud
1265 310 1523 367 Segestanos

190 373 407 425 repertum
434 384 536 423 esse,
562 369 733 423 iudices,
766 370 918 411 scitote
942 370 1155 411 neminem
1179 381 1315 425 neque
1342 371 1523 413 liberum

189 443 326 483 neque
371 443 540 480 servum
582 443 719 481 neque
763 428 897 470 civem
940 443 1075 482 neque
1118 430 1408 484 peregrinum,
1452 430 1524 484 qui

191 487 297 528 illud
349 488 519 542 signum
563 486 738 528 auderet
781 488 1013 542 attingere3
1063 488 1271 529 barbaros
1315 488 1523 542 quosdam

189 546 395 600 Lilybaeo
434 545 586 587 scitote
625 546 829 587 adductos
868 560 959 587 esse
998 547 1233 600 operarios3
1276 547 1306 587 ii
1345 547 1523 601 denique

189 605 297 645 illud
333 604 475 658 ignari
512 604 646 645 totius
683 605 847 659 negotii
885 619 933 646 ac
971 605 1192 661 religionis
1230 606 1421 647 mercede
1460 621 1523 648 ac-

190 666 314 717 cepta
364 663 642 704 sustulerunt.
709 662 831 711 Quod
881 678 973 705 cum
1024 678 1073 704 ex
1124 664 1279 718 oppido
1326 667 1523 718 exporta-

189 723 329 776 batur,
356 736 481 776 quem
504 724 760 763 conventum
786 722 1013 763 mulierum
1038 723 1200 764 factum
1226 737 1318 764 esse
1345 724 1522 764 arbitra-

190 781 306 834 mini,
339 795 465 834 quem
491 780 639 821 fletum
672 781 882 822 maiorum
912 782 1047 823 natu?
1086 796 1266 835 quorum
1297 796 1384 823 11011
1414 783 1523 823 1111111

190 840 320 880 etiam
349 840 474 880 illum
508 839 619 880 diem
651 840 857 881 memoria
888 841 1111 894 tenebant,
1142 855 1237 881 cum
1268 840 1344 891 illa
1378 841 1523 882 eadem

190 898 330 939 Diana
357 898 579 953 Segestam
610 897 880 953 Karthagine
917 902 1088 941 revecta
1119 899 1343 940 victoriam
1376 900 1524 954 populi

190 957 372 999 Romani
416 957 554 998 reditu
595 971 669 998 suo
707 958 959 999 nuntiasset.
1023 957 1159 1006 Quam
1199 958 1417 1000 dissimilis
1455 959 1524 1000 hic

190 1016 278 1057 dies
321 1015 387 1056 illi
430 1016 614 1070 tempori
656 1016 895 1057 videbatur!
958 1017 1066 1057 Tum
1103 1016 1525 1072 imperator'populi

190 1075 385 1127 Romani,
410 1076 476 1116 vir
502 1075 778 1129 clarissimus,
805 1076 904 1117 deos
930 1076 1095 1129 patrios
1121 1077 1372 1130 reportabat
1399 1075 1524 1132 Sege-

190 1134 325 1175 stanis
369 1148 419 1174 ex
462 1135 568 1175 urbe
611 1134 800 1175 hostium
845 1137 1135 1189 recuperatos,
1178 1149 1289 1176 nunc
1330 1149 1379 1176 ex
1420 1136 1524 1177 urbe

190 1193 403 1234 sociorum
447 1195 620 1246 praetor
665 1193 852 1234 eiusdem
896 1194 1043 1248 populi
1081 1194 1356 1248 turpissimus
1396 1197 1524 1248 atque

189 1251 490 1306 inpurissimus
517 1251 688 1293 eosdem
714 1252 813 1292 illos
847 1252 948 1293 deos
980 1252 1143 1293 nefario
1177 1253 1333 1294 scelere
1367 1253 1524 1294 aufere-

188 1311 275 1351 bat.
332 1310 440 1358 Quid
479 1310 559 1351 hoc
596 1313 690 1351 tota
723 1309 867 1352 Sicilia
904 1314 968 1352 est
1002 1311 1177 1364 clarius7
1216 1326 1344 1365 quam
1378 1326 1523 1353 omnes

1546 855 1577 879 10
1605 833 1612 850 '³

1546 1129 1613 1173 15³

190 1367 393 1424 Segestae
426 1372 645 1410 matronas
679 1372 721 1410 et
752 1370 940 1425 virgines
973 1370 1230 1423 convenisse,
1263 1385 1357 1412 cum
1384 1370 1524 1420 Diana
1555 1387 1560 1394 ·

189 1430 489 1482 exportaretur
518 1443 568 1469 ex
600 1428 773 1482 oppido,
805 1429 975 1469 unxisse
1007 1429 1236 1484 unguentis
1246 1463 1269 1483 ,,
1288 1430 1523 1483 complesse

189 1487 357 1528 coronis
397 1490 439 1528 et
474 1487 669 1540 floribus,
706 1490 818 1540 ture,
857 1487 1058 1529 odoribus
1090 1488 1273 1529 incensis
1305 1503 1438 1542 usque
1471 1489 1523 1530 ad

190 1546 283 1600 agri
303 1546 408 1586 fines
430 1548 679 1600 prosecutas
701 1547 821 1587 esse?
865 1546 988 1587 Hanc
1007 1549 1054 1587 tu
1077 1549 1245 1587 tantam
1270 1547 1523 1602 religionem

190 1606 226 1646 si
246 1607 338 1645 tum
365 1605 408 1645 in
434 1605 614 1659 imperio
641 1608 818 1660 propter
843 1605 1121 1660 cupiditatem
1143 1608 1275 1659 atque
1302 1606 1522 1648 audaciam

188 1678 275 1712 non
300 1659 646 1718 pertimescebas,
676 1678 729 1704 ne
754 1679 866 1706 nunc
893 1664 1062 1718 quidem
1090 1665 1133 1705 in
1159 1667 1281 1706 tanto
1314 1667 1388 1706 tuo
1420 1665 1523 1706 libe-

188 1737 417 1776 rorumque
454 1725 627 1764 tuorum
666 1723 854 1776 periculo
892 1723 1210 1778 perhorrescis?
1271 1722 1405 1772 Quem
1443 1724 1523 1765 tibi

190 1784 264 1822 aut
289 1781 506 1822 hominem
535 1782 682 1822 invitis
716 1782 778 1822 dis
810 1782 1127 1823 immortalibus
1161 1785 1235 1823 aut
1265 1797 1365 1824 vero
1398 1783 1522 1824 deum

189 1842 323 1881 tantis
351 1855 496 1881 eorum
523 1841 805 1895 religionibus
832 1841 1004 1883 violatis
1035 1841 1193 1883 auxilio
1225 1841 1418 1883 futurum
1450 1857 1522 1896 pu-

189 1902 256 1940 tas
267 1899 286 1939 ⁵?
337 1898 436 1940 Tibi
461 1900 538 1939 illa
564 1899 704 1940 Diana
729 1900 773 1940 in
799 1915 902 1954 pace
929 1902 1058 1954 atque
1082 1900 1127 1941 in
1154 1900 1241 1941 otio
1268 1901 1521 1956 religionem

188 1958 353 1998 nullam
404 1958 582 1999 attulit?
634 1973 740 2012 quae
791 1973 885 2000 cum
933 1959 1036 1999 (luas
1084 1959 1226 2013 urbes,
1276 1959 1319 2000 in
1368 1960 1520 2014 quibus

189 2017 331 2057 locata
357 2016 509 2070 fuerat,
542 2020 690 2072 captas
716 2017 995 2071 incensasque
1022 2017 1211 2071 vidisset,
1242 2018 1308 2059 bis
1342 2033 1391 2060 ex
1424 2019 1521 2059 duo-

190 2090 283 2116 rum
334 2076 547 2117 bellorum
597 2076 771 2117 flamma
819 2076 1016 2130 ferroque
1068 2080 1238 2118 servata
1283 2080 1365 2131 est3
1415 2091 1521 2131 quae

188 2133 617 2190 Karthaginiensium
675 2135 855 2177 victoria
909 2136 1002 2177 1000
1053 2139 1219 2177 mutato
1269 2136 1521 2191 religionem
1578 2142 1581 2146 ’

189 2195 334 2234 tamen
359 2207 444 2234 non
471 2194 628 2247 amisit,
653 2194 696 2234 P.
712 2194 905 2236 Africani
930 2194 1090 2236 virtute
1116 2195 1365 2250 religionem
1393 2194 1520 2236 simul

189 2267 283 2293 cum
322 2253 415 2294 1000
453 2254 732 2307 recuperavit.
795 2252 886 2301 Quo
925 2253 1094 2307 quidem
1132 2255 1287 2295 scelere
1323 2257 1519 2308 suscepto

1543 1441 1581 1467 20·
1609 1420 1615 1439 l

1542 1733 1574 1760 25

1596 1775 1599 1799 ι

1540 2029 1600 2054 30>

1600 2294 1602 2321 l

189 2317 284 2352 cum
328 2311 467 2352 inanis
506 2315 620 2353 esset
657 2312 773 2353 basis
813 2314 855 2353 et
891 2312 936 2353 in
975 2327 1024 2353 ea
1060 2312 1105 2353 P.
1137 2312 1330 2353 Africani
1366 2326 1519 2353 nomen
1537 2320 1602 2368 35·i

188 2369 381 2424 incisum,
408 2385 474 2411 res
496 2370 672 2426 indigna
693 2374 820 2425 atque
843 2371 1114 2412 intoleranda
1139 2371 1364 2412 videbatur
1390 2370 1519 2412 omni-

189 2427 281 2481 bus,
312 2443 398 2470 non
425 2430 564 2471 solum
597 2429 827 2485 religiones
861 2444 952 2471 esse
985 2429 1179 2484 violatas,
1211 2445 1358 2471 verum
1391 2429 1519 2471 etiam
