1618 2584
426 36 514 71 LIB.
541 36 556 69 Ι
583 35 683 71 CAP.
713 41 729 71 1
757 40 775 78 g
805 41 839 80 1,
867 40 898 71 2.
1252 36 1332 76 141

0 132 151 168 iudicem
177 130 276 175 apud
294 128 444 173 inferos,
469 131 658 173 tamquam
679 129 710 164 si
729 131 878 174 praetor
898 130 946 164 sit
962 140 1083 163 rerum
1107 129 1335 174 capitalium,

0 178 270 223 'quaesitorem’
289 176 470 221 appellat3
492 177 555 211 dat
568 177 620 211 ibi
634 177 876 220 sortitionem,
896 176 961 211 ubi
977 177 1135 210 ‘urnam’
1157 176 1335 219 nominat,

0 227 57 261 :lat
81 224 300 260 electionem
324 223 504 266 iudicum,
533 235 615 258 cum
641 224 747 258 dicit:
785 223 996 258 ‘consilium
1021 224 1158 265 vocat’,
1186 223 1251 257 dat
1277 234 1334 257 co-

0 271 195 318 gnitionem
230 269 452 312 facinorum,
485 281 567 304 cum
600 270 706 305 dicit:
744 271 927 314 ‘vitasque
954 272 991 305 et
1016 270 1172 304 crimina
1197 270 1334 305 discit'.

0 317 90 364 Ergo
116 318 177 352 hic
202 317 311 358 liber,
344 316 407 360 qui
433 317 477 352 de
503 318 589 351 ante
615 319 698 351 acta
723 317 801 352 vita
827 320 898 361 est,
932 319 1070 352 statum
1102 328 1253 352 necesse
1280 319 1336 351 est

0 365 277 401 coniecturalem
302 365 448 398 habeat.
501 365 633 408 Capita
664 366 804 407 autem,
841 375 933 408 quae
965 365 1044 409 ipse
1071 364 1214 399 Tullius
1245 364 1337 398 fecit

0 412 189 447 iividendo
204 413 322 446 totam
348 412 442 445 hanc
467 411 740 445 accusationem
759 415 782 454 †
800 411 839 445 in
868 411 1056 456 legatione
1080 411 1201 447 vicem
1225 422 1335 455 quae-

0 461 127 502 sturae,
151 458 264 493 tertio
290 458 328 491 in
353 459 527 502 praetura
552 458 701 492 urbana.
747 458 844 492 Nam
869 470 953 493 cum
979 469 1104 493 omnes
1131 459 1209 493 eius
1231 460 1335 492 actus

0 507 210 551 quaesturae
241 505 405 547 nomine,
443 504 660 549 legationis,
698 507 893 549 praeturae
924 506 1102 548 urbanae,
1141 507 1336 550 praeturae

0 552 195 589 Siciliensis
221 551 493 596 quadripartita
518 551 696 585 librorum
722 551 903 586 divisione
930 554 1216 597 cognoscantur,
1250 554 1336 586 ante

0 602 76 635 ‚icta
107 600 185 634 eius
221 599 346 634 omnia
369 599 441 633 hoo
465 598 559 632 libro
587 599 854 642 comprehensa
880 601 965 633 sunt
991 600 1037 635 ad
1062 611 1189 634 eorum
1213 600 1335 642 fidem,

0 658 85 692 Quae
109 648 196 691 post
220 646 398 680 dicentur.
447 645 642 679 Prooemia
668 656 756 679 sane
782 645 891 680 huius
917 646 1003 681 libri
1028 647 1066 680 in
1100 646 1337 681 simulatione

0 693 196 729 :onstituta
227 694 313 727 sunt
353 692 460 736 quasi
490 703 600 727 verae
626 692 873 726 accusationis
898 692 937 726 in
962 693 1115 728 Verrem
1140 694 1338 728 audentem

0 742 121 776 adesse
144 742 254 784 atque
281 740 482 782 defensum,
508 739 547 773 in
573 738 830 774 exhortatione
856 739 1020 774 iudicum
1047 741 1094 774 ad
1118 743 1217 775 recte
1243 740 1337 774 iudi-

0 788 166 830 :andum‚
207 789 288 821 tum
324 787 363 821 in
399 787 510 821 minis
548 788 678 821 contra
715 787 946 821 adversarios
985 789 1022 822 et
1055 787 1093 821 in
1131 787 1339 822 exhibenda

0 835 135 870 ratione
162 834 276 869 officii
301 834 368 877 sui,
395 845 459 868 cur
484 834 538 868 ita
561 833 737 868 maluerit
762 844 952 877 accusare,
979 835 1022 868 ut
1045 834 1166 879 prima
1191 835 1338 869 actione

0 884 139 917 tantum
163 881 322 916 testibus
347 882 527 923 uteretur;
558 892 650 924 quae
678 880 801 915 omnia
827 881 904 915 eius
929 881 1031 915 modi
1057 883 1158 925 sunt,
1191 883 1233 916 ut
1265 892 1339 915 non

0 931 70 964 tam
103 940 202 964 nova
227 928 347 962 dicere
374 939 484 972 quam
516 926 617 962 dicta
642 927 728 962 libri
755 927 954 972 superioris
981 928 1187 963 instaurare
1213 927 1338 963 videa-

0 978 63 1011 tur.
118 976 209 1010 Post
241 976 334 1009 haec
372 974 498 1009 omnia
531 974 649 1019 ipsius
688 974 874 1009 Ciceronis
912 986 979 1019 per
1014 976 1173 1010 honores
1211 975 1339 1009 Verris

0 1035 77 1059 cum
114 1022 331 1057 criminibus
362 1021 508 1056 iunctos
535 1021 670 1057 divisio
695 1033 761 1066 per
787 1021 953 1056 ordinem
976 1023 1187 1067 temporum
1213 1022 1337 1056 currit.

1368 1170 1387 1210 1

81 1189 308 1231 Neminem
333 1191 526 1230 vestrum
554 1189 756 1244 ignorare
789 1188 989 1241 arbitror,
1020 1188 1192 1238 iudices,
1225 1188 1339 1230 hunc
1367 1222 1382 1251 1

0 1263 69 1304 per
100 1248 228 1290 hosce
261 1247 349 1288 dies
383 1262 623 1289 sermonem
655 1247 775 1302 vulgi
803 1250 931 1301 atque
957 1247 1068 1289 lianc
1094 1248 1339 1301 opinionem

0 1307 143 1362 populi
180 1306 365 1347 Romani
401 1306 550 1360 fuisse,
595 1305 639 1348 O.
677 1306 856 1348 Verrem
896 1306 1034 1347 altera
1072 1307 1239 1347 actione
1277 1321 1340 1347 re-

0 1380 252 1421 sponsurum
292 1380 379 1406 non
420 1379 511 1406 esse
554 1379 691 1419 neque
735 1365 787 1405 ad
832 1365 1034 1406 iudicium
1080 1365 1339 1406 adfuturum.

0 1423 110 1473 Quae
147 1424 264 1465 fama
300 1438 387 1465 non
429 1424 586 1465 idcirco
631 1424 771 1464 solum
816 1426 1056 1477 emanarat,
1101 1424 1215 1478 quod
1257 1424 1340 1464 iste

0 1486 108 1525 certe
153 1485 366 1525 statuerat
410 1497 457 1523 ac
495 1482 808 1524 deliberaverat
851 1496 938 1523 non
982 1482 1147 1536 adesse,
1191 1496 1341 1524 verum

0 1542 143 1595 etiam,
194 1541 307 1596 quod
349 1556 475 1582 nemo
527 1556 784 1595 quemquam
834 1544 925 1581 tam
977 1541 1198 1594 audacem,
1248 1543 1341 1582 tam

0 1603 221 1654 amentem,
253 1603 343 1641 tam
374 1600 653 1655 inpudentem
684 1600 775 1640 fore
808 1600 1115 1653 arbitrabatur,
1148 1600 1220 1653 qui
1249 1602 1341 1640 tam

0 1659 169 1701 nefariis
203 1658 464 1712 criminibus,
495 1662 587 1700 tam
619 1659 767 1699 multis
800 1658 984 1699 testibus
1019 1658 1238 1699 convictus
1266 1673 1341 1700 ora

0 1717 179 1760 iudicum
214 1718 402 1772 aspicere
436 1720 510 1758 aut
542 1732 589 1759 os
623 1732 745 1758 suum
778 1717 938 1772 populo
968 1716 1164 1758 Romano
1198 1720 1341 1758 osten-

0 1776 93 1818 dere
120 1777 305 1818 auderet.
355 1776 437 1817 Est
460 1776 574 1817 idem
599 1775 769 1830 Verres,
803 1776 875 1830 qui
899 1775 982 1816 fuit
1009 1790 1188 1830 semper,
1214 1778 1262 1817 ut
1289 1776 1342 1817 ad
1368 1785 1387 1814 2

0 1836 235 1877 audendum
267 1835 501 1889 proiectus,
534 1835 594 1876 sic
619 1837 796 1890 paratus
831 1835 884 1876 ad
916 1834 1191 1888 audiendum3
1222 1849 1342 1889 prae—

0 1896 64 1936 sto
108 1897 189 1948 est,
234 1894 483 1949 respondet,
529 1893 788 1945 defenditur3
832 1908 886 1934 ne
930 1893 1011 1935 hoc
1050 1893 1221 1947 quidem
1260 1893 1342 1934 sibi

0 1953 150 2007 reliqui
186 1953 308 2007 facit,
347 1955 411 2006 ut,
450 1953 495 1993 in
526 1953 653 1993 rebus
685 1952 949 2006 turpissimis
983 1967 1077 1993 cum
1110 1951 1341 1993 manifesto

0 2012 203 2065 teneatur,
237 2011 273 2052 si
304 2011 482 2052 reticeat
515 2013 558 2052 et
590 2011 715 2065 absit,
748 2014 894 2052 tamen
922 2011 1213 2065 impudentiae
1241 2025 1342 2051 suae

0 2070 226 2124 pudentem
258 2070 419 2111 exitum
453 2070 671 2124 quaesisse
702 2069 909 2111 videatur.
970 2069 1137 2122 Patior,
1168 2069 1342 2123 iudices,

0 2130 42 2169 et
64 2143 150 2170 non
174 2129 355 2171 moleste
375 2129 466 2170 fero
488 2144 554 2170 me
574 2128 735 2170 laboris
758 2128 852 2182 mei,
879 2142 955 2170 vos
976 2128 1151 2169 virtutis
1173 2131 1342 2170 vestrae

0 2186 183 2229 fructum
215 2202 307 2229 esse
339 2189 517 2230 laturos.
579 2187 692 2229 Nam
727 2187 763 2228 si
799 2187 881 2228 iste
919 2187 961 2227 id
999 2187 1189 2241 fecisset,
1230 2187 1343 2241 quod

0 2245 116 2299 prius
141 2249 364 2301 statuerat,
390 2250 438 2287 ut
463 2262 549 2288 non
578 2247 757 2299 adesset,
783 2246 923 2287 minus
952 2246 1186 2300 aliquanto,
1213 2260 1342 2300 quam
