1618 2584
425 233 512 268 ΜΒ.
540 234 592 268 ΠΙ
635 235 736 270 CAP.
766 239 819 278 11,
849 239 890 269 12
916 239 934 277 g
961 238 1110 270 27—31.
1349 238 1431 276 281

184 330 326 383 Atque
364 334 413 371 ut
450 330 735 384 intellegatis,
780 331 896 372 cuius
936 330 1051 371 modi
1088 331 1173 371 ista
1204 330 1360 371 iudicia
1390 330 1434 371 111
1460 340 1505 371 ‘29

96 389 335 442 octuplum,
368 389 484 430 cuius
519 390 634 430 modi
666 389 790 430 istius
823 389 872 430 de
905 389 1081 431 cohorte
1113 391 1433 443 recuperatores

97 447 331 488 existimati
375 448 480 501 sint,
528 448 587 489 sic
631 448 852 489 attendite.
919 448 1109 501 Ecquem
1154 448 1434 489 decumanum

95 506 259 560 putatis
298 506 378 548 hac
410 506 584 548 licentia
616 507 844 561 permissa,
882 509 930 547 ut
960 509 1130 548 tantum
1164 506 1217 547 ab
1251 509 1435 557 aratore,

59 583 75 609 5
97 567 304 618 quantum
333 565 619 620 poposcisset,
652 565 857 618 auferret,
889 566 1004 619 plus,
1037 580 1165 619 quam
1198 565 1435 616 deberetur,

95 623 371 677 poposcisse?
435 623 713 665 Considerate
752 638 848 664 cum
886 624 1040 665 vestris
1080 624 1233 666 animis
1266 626 1435 664 vosmet

94 682 196 735 ipsi,
235 696 409 736 ecquem
447 682 626 736 putetis,
664 682 920 736 praesertim
959 697 1055 723 cum
1093 683 1136 723 id
1173 697 1260 724 non
1295 682 1435 723 solum

96 740 290 794 avaritia,
308 741 381 781 sed
399 741 528 781 etiam
545 740 817 794 inprudentia
834 741 1022 782 accidere
1039 741 1241 795 potuerit.
1275 740 1435 781 Multos

94 812 266 839 necesse
299 800 375 839 est.
432 799 491 840 At
524 812 604 853 ego
638 799 775 840 omnis
809 799 900 840 dico
934 800 1043 853 plus,
1077 814 1124 841 ac
1157 800 1294 840 multo
1328 800 1436 852 plus,

43 876 75 900 10
96 871 224 911 quam
245 856 465 898 decumam
488 857 732 899 abstulisse.
766 856 879 898 Cedo
901 858 1006 898 mihi
1027 873 1158 899 unum
1180 872 1229 898 cx
1249 858 1435 898 triennio

94 918 322 980 praeturae
348 919 460 969 tuae,
494 916 567 970 qui
594 916 756 970 octupli
783 916 1010 957 damnatus
1045 917 1112 957 sit
1162 916 1435 957 Damnatus?

93 974 226 1015 immo
265 989 385 1027 ver,o
423 975 467 1015 in
507 989 633 1028 quem
669 975 873 1016 iudicium
912 990 962 1016 ex
1001 975 1138 1017 edicto
1177 977 1252 1016 tuo
1285 977 1436 1040 'postu-

94 1033 232 1073 latum
254 1033 322 1074 sit.
372 1032 510 1074 Ν61110
533 1036 625 1075 erat
651 1034 850 1075 videlicet
877 1036 1110 1086 aratorum,
1138 1034 1209 1087 qui
1234 1033 1436 1073 iniuriam

95 1091 177 1132 sibi
220 1091 382 1133 factam
428 1092 547 1146 queri
591 1095 755 1147 posset,
798 1107 922 1134 nemo
969 1093 1319 1144 decumanorum,
1364 1091 1437 1145 qui

43 1168 74 1194 15
96 1164 230 1205 grano
265 1150 462 1205 amplius,
495 1166 623 1205 quam
657 1151 739 1192 sibi
772 1151 1007 1205 deberetur,
1040 1151 1185 1192 deberi
1216 1151 1436 1204 professus

94 1211 218 1250 esset.
293 1208 431 1250 Immo
482 1224 581 1250 vero
633 1212 784 1251 contra
833 1210 1031 1264 rapiebat
1082 1213 1124 1250 61
1169 1210 1436 1263 asportabat,

94 1271 303 1321 quantum
330 1283 354 1309 a
380 1283 548 1322 quoque
580 1269 766 1323 volebat,
799 1269 1028 1322 Apronius,
1060 1268 1258 1310 omnibus
1292 1270 1435 1309 autem

93 1326 199 1368 locis
239 1329 431 1368 aratores
471 1327 647 1380 spoliati
685 1342 733 1368 ac
771 1327 915 1368 vexati
953 1327 1262 1381 querebantur3
1298 1340 1435 1380 neque

95 1387 241 1426 tamen
266 1386 405 1426 ullum
436 1385 639 1426 iudicium
670 1386 919 1440 reperietur.
976 1385 1085 1434 Quid
1118 1388 1184 1427 est
1214 1385 1324 1427 hoc‘?
1368 1387 1436 1426 tot
1462 1388 1508 1419 30

41 1462 74 1487 20
93 1444 176 1484 viri
211 1444 364 1496 fortes,
407 1444 596 1498 honesti,
635 1445 834 1499 gratiosi,
872 1447 939 1486 tot
978 1444 1126 1498 Siculi,
1164 1447 1232 1486 101
1270 1444 1435 1498 equites

94 1502 279 1543 Romani
323 1503 376 1543 ab
421 1503 594 1544 1101111116
635 1504 900 1557 nequissimo
946 1518 994 1545 ac
1038 1503 1289 1557 turpissimo
1329 1502 1436 1543 laesi

93 1575 277 1615 poenam
304 1561 467 1615 octupli
494 1562 584 1602 sine
616 1562 707 1603 ulla
740 1562 1008 1603 dubitatione
1042 1562 1317 1603 commissam
1349 1576 1436 1602 non

93 1620 489 1674 persequebantur?
535 1635 642 1674 quae
684 1635 830 1674 causa,
876 1635 983 1674 quae
1023 1621 1135 1661 ratio
1177 1620 1271 1661 est?
1338 1619 1437 1661 Una

92 1678 187 1731 illa,
226 1679 402 1731 iudices,
442 1693 570 1732 quam
608 1679 780 1733 videtis,
820 1679 934 1733 quod
971 1679 1086 1720 ultro
1120 1679 1250 1720 etiam
1282 1678 1435 1719 illusos

41 1755 74 1779 25
95 1751 139 1778 se
165 1739 208 1778 et
238 1737 389 1778 irrisos
422 1737 475 1778 ab
508 1737 663 1779 iudicio
697 1738 958 1779 discessuros
992 1737 1206 1779 videbant.
1261 1736 1436 1778 Etenim

94 1795 208 1850 quod
243 1798 356 1837 esset
386 1796 607 1850 iudicium,
646 1811 742 1837 cum
774 1811 824 1837 ex
849 1796 1000 1837 Verris
1032 1796 1284 1851 turpissimo
1318 1796 1437 1850 fiagi-

93 1854 414 1908 tiosissimoque
441 1855 649 1896 comitatu
676 1857 764 1896 tres
790 1858 1142 1909 recuperatorum
1167 1855 1340 1896 nomine
1373 1869 1436 1895 as-

94 1913 304 1955 sedissent
340 1913 563 1955 adseculae
595 1913 721 1954 istius
752 1928 840 1955 non
872 1929 897 1955 a
928 1916 1052 1968 patre
1085 1914 1123 1955 ei
1155 1914 1322 1967 traditi,
1361 1913 1435 1955 sed

95 1987 119 2012 a
150 1972 424 2013 meretricula
462 1972 778 2014 commendati?
834 1972 998 2028 Ageret
1029 1972 1228 2014 videlicet
1261 1987 1434 2014 causam
1461 1976 1502 2005 31

41 2047 74 2072 30
95 2033 251 2083 arator,
282 2031 393 2071 nihil
423 2031 506 2072 sibi
537 2031 743 2072 frumenti
777 2031 829 2072 ab
852 2031 1046 2085 Apronio
1079 2032 1288 2084 relictum,
1322 2032 1435 2073 bona

93 2103 169 2130 sua
190 2089 321 2130 etiam
348 2089 526 2143 direpta,
554 2104 598 2131 se
624 2090 845 2144 pulsatum
871 2090 1230 2144 verberatumque
1258 2090 1434 2145 diceret3

93 2148 334 2190 conferrent
378 2148 459 2189 viri
504 2148 606 2189 boni
650 2149 808 2202 capita,
853 2148 902 2189 de
947 2148 1247 2190 comissatione
1289 2149 1434 2202 loque—

92 2209 240 2248 rentur
271 2207 384 2248 inter
417 2222 461 2248 se
494 2222 542 2248 ac
575 2207 624 2248 de
657 2207 937 2261 mulierculis,
970 2207 1006 2248 si
1040 2222 1145 2262 quas
1178 2222 1203 2248 a
1234 2210 1433 2261 praetore

94 2265 290 2307 abeuntis
310 2268 488 2321 possent
516 2265 845 2319 deprehendere3
872 2280 940 2306 res
968 2266 1039 2321 agi
1065 2266 1291 2307 videretur.
1337 2264 1434 2307 Sur-

41 2340 75 2366 35
94 2324 274 2366 rexisset
285 2324 516 2379 Apronius,
541 2339 654 2366 nova
674 2324 862 2379 dignitas
883 2324 1114 2378 publicani,
1140 2339 1226 2366 non
1245 2327 1293 2365 ut
1314 2325 1434 2366 decu-

94 2397 244 2424 manus
288 2384 501 2437 squaloris
546 2384 697 2437 plenus
742 2397 790 2424 ac
832 2383 1042 2437 pulveris,
1087 2384 1160 2424 sed
1201 2384 1432 2438 unguentis

94 2441 266 2497 oblitus,
297 2443 396 2484 vino
423 2442 669 2498 vigiliisque
696 2441 944 2497 languidus3
977 2442 1120 2484 omnia
1146 2442 1285 2497 primo
1313 2446 1433 2484 motu
