<?xml version="1.0" encoding="UTF-8"?>
<!DOCTYPE html PUBLIC "-//W3C//DTD XHTML 1.0 Transitional//EN"
    "http://www.w3.org/TR/xhtml1/DTD/xhtml1-transitional.dtd">
<html xmlns="http://www.w3.org/1999/xhtml" xml:lang="en" lang="en">
 <head>
  <title>
</title>
<meta http-equiv="Content-Type" content="text/html;charset=utf-8" />
  <meta name='ocr-system' content='tesseract 3.04.00' />
  <meta name='ocr-capabilities' content='ocr_page ocr_carea ocr_par ocr_line ocrx_word'/>
</head>
<body>
  <div class='ocr_page' id='page_1' title='image "./p1scriptaquaemanse02ciceuoft_0381.png"; bbox 0 0 1618 2584; ppageno 0'>
   <div class='ocr_carea' id='block_1_1' title="bbox 361 243 1391 289">
    <p class='ocr_par' dir='ltr' id='par_1_1' title="bbox 361 243 1391 289">
     <span class='ocr_line' id='line_1_1' title="bbox 361 243 1391 289; baseline 0.007 -12"><span class='ocrx_word' id='word_1_1' title='bbox 361 243 448 279; x_wconf 83' lang='lat' dir='ltr'><strong>LIB.</strong></span> <span class='ocrx_word' id='word_1_2' title='bbox 476 243 507 277; x_wconf 86' lang='grc' dir='ltr'>ΙΙ</span> <span class='ocrx_word' id='word_1_3' title='bbox 553 243 654 278; x_wconf 87' lang='lat' dir='ltr'>CAP.</span> <span class='ocrx_word' id='word_1_4' title='bbox 683 249 820 280; x_wconf 76' lang='lat'><strong>74-76</strong></span> <span class='ocrx_word' id='word_1_5' title='bbox 847 250 865 287; x_wconf 65' lang='grc' dir='ltr'>ἓ</span> <span class='ocrx_word' id='word_1_6' title='bbox 894 249 1086 280; x_wconf 74' lang='grc'><strong>182-187.</strong></span> <span class='ocrx_word' id='word_1_7' title='bbox 1308 249 1391 289; x_wconf 68' lang='grc'>267</span> 
     </span>
    </p>
   </div>
   <div class='ocr_carea' id='block_1_2' title="bbox 0 337 1463 2503">
    <p class='ocr_par' dir='ltr' id='par_1_2' title="bbox 0 337 1463 2503">
     <span class='ocr_line' id='line_1_2' title="bbox 52 337 1393 396; baseline 0.004 -18"><span class='ocrx_word' id='word_1_8' title='bbox 52 338 271 379; x_wconf 84' lang='lat' dir='ltr'>attendite.</span> <span class='ocrx_word' id='word_1_9' title='bbox 323 337 403 379; x_wconf 86' lang='lat' dir='ltr'>His</span> <span class='ocrx_word' id='word_1_10' title='bbox 448 340 838 393; x_wconf 68' lang='lat' dir='ltr'>exportationibus,</span> <span class='ocrx_word' id='word_1_11' title='bbox 883 355 989 395; x_wconf 89' lang='lat' dir='ltr'>quae</span> <span class='ocrx_word' id='word_1_12' title='bbox 1034 343 1239 383; x_wconf 73' lang='lat' dir='ltr'>recitatae</span> <span class='ocrx_word' id='word_1_13' title='bbox 1282 346 1393 396; x_wconf 85' lang='lat' dir='ltr'>sunt,</span> 
     </span>
     <span class='ocr_line' id='line_1_3' title="bbox 52 395 1394 455; baseline 0.004 -18"><span class='ocrx_word' id='word_1_14' title='bbox 52 397 203 438; x_wconf 75' lang='lat' dir='ltr'>scribit</span> <span class='ocrx_word' id='word_1_15' title='bbox 229 395 301 437; x_wconf 79' lang='lat' dir='ltr'>HS</span> <span class='ocrx_word' id='word_1_16' title='bbox 328 398 389 438; x_wconf 62' lang='lat' dir='ltr'>ff&lt;</span> <span class='ocrx_word' id='word_1_17' title='bbox 424 398 561 439; x_wconf 88' lang='lat' dir='ltr'>socios</span> <span class='ocrx_word' id='word_1_18' title='bbox 594 399 830 452; x_wconf 82' lang='lat' dir='ltr'>perdidisse</span> <span class='ocrx_word' id='word_1_19' title='bbox 864 414 913 440; x_wconf 86' lang='lat' dir='ltr'>ex</span> <span class='ocrx_word' id='word_1_20' title='bbox 945 399 1178 441; x_wconf 87' lang='lat' dir='ltr'>vicensima</span> <span class='ocrx_word' id='word_1_21' title='bbox 1209 402 1394 455; x_wconf 88' lang='lat' dir='ltr'>portorii</span> 
     </span>
     <span class='ocr_line' id='line_1_4' title="bbox 52 453 1393 513; baseline 0.004 -18"><span class='ocrx_word' id='word_1_22' title='bbox 52 453 284 508; x_wconf 82' lang='lat' dir='ltr'>Syracusis.</span> <span class='ocrx_word' id='word_1_23' title='bbox 341 455 541 497; x_wconf 84' lang='lat' dir='ltr'>Pauculis</span> <span class='ocrx_word' id='word_1_24' title='bbox 575 456 709 511; x_wconf 86' lang='lat' dir='ltr'>igitur</span> <span class='ocrx_word' id='word_1_25' title='bbox 742 458 977 511; x_wconf 84' lang='lat' dir='ltr'>mensibus,</span> <span class='ocrx_word' id='word_1_26' title='bbox 1014 461 1062 499; x_wconf 88' lang='lat' dir='ltr'>ut</span> <span class='ocrx_word' id='word_1_27' title='bbox 1093 459 1139 499; x_wconf 81' lang='lat' dir='ltr'>hi</span> <span class='ocrx_word' id='word_1_28' title='bbox 1170 460 1318 513; x_wconf 87' lang='lat' dir='ltr'>pusilli</span> <span class='ocrx_word' id='word_1_29' title='bbox 1351 463 1393 501; x_wconf 89' lang='lat' dir='ltr'>et</span> 
     </span>
     <span class='ocr_line' id='line_1_5' title="bbox 52 513 1392 571; baseline 0.003 -16"><span class='ocrx_word' id='word_1_30' title='bbox 52 513 289 567; x_wconf 86' lang='lat' dir='ltr'>contempti</span> <span class='ocrx_word' id='word_1_31' title='bbox 315 514 453 555; x_wconf 89' lang='lat' dir='ltr'>libelli</span> <span class='ocrx_word' id='word_1_32' title='bbox 479 515 680 568; x_wconf 84' lang='lat' dir='ltr'>indicant,</span> <span class='ocrx_word' id='word_1_33' title='bbox 712 515 830 556; x_wconf 86' lang='lat' dir='ltr'>furta</span> <span class='ocrx_word' id='word_1_34' title='bbox 855 518 1079 571; x_wconf 86' lang='lat' dir='ltr'>praetoris,</span> <span class='ocrx_word' id='word_1_35' title='bbox 1111 532 1219 571; x_wconf 86' lang='lat' dir='ltr'>quae</span> <span class='ocrx_word' id='word_1_36' title='bbox 1249 522 1392 559; x_wconf 87' lang='lat' dir='ltr'>essent</span> 
     </span>
     <span class='ocr_line' id='line_1_6' title="bbox 15 570 1392 631; baseline 0.006 -22"><span class='ocrx_word' id='word_1_37' title='bbox 15 583 31 608; x_wconf 86' lang='lat'><strong>5</strong></span> <span class='ocrx_word' id='word_1_38' title='bbox 51 570 123 612; x_wconf 83' lang='lat' dir='ltr'>HS</span> <span class='ocrx_word' id='word_1_39' title='bbox 152 574 284 625; x_wconf 60' lang='lat'>5566,</span> <span class='ocrx_word' id='word_1_40' title='bbox 321 587 370 614; x_wconf 86' lang='lat' dir='ltr'>ex</span> <span class='ocrx_word' id='word_1_41' title='bbox 404 588 486 614; x_wconf 91' lang='lat' dir='ltr'>uno</span> <span class='ocrx_word' id='word_1_42' title='bbox 520 573 676 627; x_wconf 80' lang='lat' dir='ltr'>oppido</span> <span class='ocrx_word' id='word_1_43' title='bbox 710 574 802 614; x_wconf 92' lang='lat' dir='ltr'>solo</span> <span class='ocrx_word' id='word_1_44' title='bbox 836 578 1063 627; x_wconf 81' lang='lat' dir='ltr'>exportata</span> <span class='ocrx_word' id='word_1_45' title='bbox 1095 579 1205 616; x_wconf 90' lang='lat' dir='ltr'>sunt.</span> <span class='ocrx_word' id='word_1_46' title='bbox 1269 575 1392 631; x_wconf 89' lang='lat' dir='ltr'>Cogi-</span> 
     </span>
     <span class='ocr_line' id='line_1_7' title="bbox 50 631 1392 689; baseline 0.004 -19"><span class='ocrx_word' id='word_1_47' title='bbox 50 633 140 671; x_wconf 82' lang='lat' dir='ltr'>tate</span> <span class='ocrx_word' id='word_1_48' title='bbox 178 645 306 683; x_wconf 86' lang='lat' dir='ltr'>nunc,</span> <span class='ocrx_word' id='word_1_49' title='bbox 345 646 439 673; x_wconf 90' lang='lat' dir='ltr'>cum</span> <span class='ocrx_word' id='word_1_50' title='bbox 478 631 555 672; x_wconf 90' lang='lat' dir='ltr'>illa</span> <span class='ocrx_word' id='word_1_51' title='bbox 589 631 734 672; x_wconf 78' lang='lat' dir='ltr'>Sicilia</span> <span class='ocrx_word' id='word_1_52' title='bbox 767 632 840 684; x_wconf 85' lang='lat' dir='ltr'>sit,</span> <span class='ocrx_word' id='word_1_53' title='bbox 877 633 959 674; x_wconf 90' lang='lat' dir='ltr'>hoc</span> <span class='ocrx_word' id='word_1_54' title='bbox 992 637 1056 674; x_wconf 92' lang='lat' dir='ltr'>est</span> <span class='ocrx_word' id='word_1_55' title='bbox 1086 634 1245 688; x_wconf 90' lang='lat' dir='ltr'>insula,</span> <span class='ocrx_word' id='word_1_56' title='bbox 1284 649 1392 689; x_wconf 76' lang='lat' dir='ltr'>quae</span> 
     </span>
     <span class='ocr_line' id='line_1_8' title="bbox 51 689 1392 745; baseline 0.005 -17"><span class='ocrx_word' id='word_1_57' title='bbox 51 689 234 742; x_wconf 88' lang='lat' dir='ltr'>undique</span> <span class='ocrx_word' id='word_1_58' title='bbox 263 690 399 730; x_wconf 82' lang='lat' dir='ltr'>exitus</span> <span class='ocrx_word' id='word_1_59' title='bbox 426 689 666 730; x_wconf 86' lang='lat' dir='ltr'>maritimos</span> <span class='ocrx_word' id='word_1_60' title='bbox 692 690 863 743; x_wconf 87' lang='lat' dir='ltr'>habeat,</span> <span class='ocrx_word' id='word_1_61' title='bbox 897 692 996 745; x_wconf 88' lang='lat' dir='ltr'>quid</span> <span class='ocrx_word' id='word_1_62' title='bbox 1025 707 1073 733; x_wconf 79' lang='lat' dir='ltr'>ex</span> <span class='ocrx_word' id='word_1_63' title='bbox 1101 693 1252 734; x_wconf 89' lang='lat' dir='ltr'>ceteris</span> <span class='ocrx_word' id='word_1_64' title='bbox 1286 693 1392 735; x_wconf 89' lang='lat' dir='ltr'>locis</span> 
     </span>
     <span class='ocr_line' id='line_1_9' title="bbox 50 748 1393 805; baseline 0.004 -18"><span class='ocrx_word' id='word_1_65' title='bbox 50 750 323 800; x_wconf 78' lang='lat' dir='ltr'>exportatum</span> <span class='ocrx_word' id='word_1_66' title='bbox 344 748 517 802; x_wconf 89' lang='lat' dir='ltr'>putetis,</span> <span class='ocrx_word' id='word_1_67' title='bbox 539 748 639 801; x_wconf 89' lang='lat' dir='ltr'>quid</span> <span class='ocrx_word' id='word_1_68' title='bbox 652 748 906 804; x_wconf 79' lang='lat' dir='ltr'>Agrigento,</span> <span class='ocrx_word' id='word_1_69' title='bbox 928 751 1029 804; x_wconf 89' lang='lat' dir='ltr'>quid</span> <span class='ocrx_word' id='word_1_70' title='bbox 1049 751 1270 805; x_wconf 77' lang='lat' dir='ltr'>Lilybaeo,</span> <span class='ocrx_word' id='word_1_71' title='bbox 1293 752 1393 805; x_wconf 89' lang='lat' dir='ltr'>quid</span> 
     </span>
     <span class='ocr_line' id='line_1_10' title="bbox 50 805 1393 863; baseline 0.003 -17"><span class='ocrx_word' id='word_1_72' title='bbox 50 805 313 859; x_wconf 75' lang='lat' dir='ltr'>Panhormo,</span> <span class='ocrx_word' id='word_1_73' title='bbox 347 807 446 860; x_wconf 91' lang='lat' dir='ltr'>quid</span> <span class='ocrx_word' id='word_1_74' title='bbox 473 806 688 860; x_wconf 86' lang='lat' dir='ltr'>Thermis,</span> <span class='ocrx_word' id='word_1_75' title='bbox 722 808 823 861; x_wconf 87' lang='lat' dir='ltr'>quid</span> <span class='ocrx_word' id='word_1_76' title='bbox 850 807 1058 862; x_wconf 79' lang='lat' dir='ltr'>Halaesa,</span> <span class='ocrx_word' id='word_1_77' title='bbox 1093 810 1193 863; x_wconf 87' lang='lat' dir='ltr'>quid</span> <span class='ocrx_word' id='word_1_78' title='bbox 1226 809 1393 863; x_wconf 82' lang='lat' dir='ltr'>Catina,</span> 
     </span>
     <span class='ocr_line' id='line_1_11' title="bbox 0 864 1392 922; baseline 0.007 -22"><span class='ocrx_word' id='word_1_79' title='bbox 0 877 30 900; x_wconf 88' lang='lat'>10</span> <span class='ocrx_word' id='word_1_80' title='bbox 51 864 151 918; x_wconf 85' lang='lat' dir='ltr'>quid</span> <span class='ocrx_word' id='word_1_81' title='bbox 180 879 228 904; x_wconf 81' lang='lat' dir='ltr'>ex</span> <span class='ocrx_word' id='word_1_82' title='bbox 255 865 406 905; x_wconf 87' lang='lat' dir='ltr'>ceteris</span> <span class='ocrx_word' id='word_1_83' title='bbox 434 865 614 919; x_wconf 77' lang='lat' dir='ltr'>oppidis,</span> <span class='ocrx_word' id='word_1_84' title='bbox 648 865 749 919; x_wconf 91' lang='lat' dir='ltr'>quid</span> <span class='ocrx_word' id='word_1_85' title='bbox 781 880 881 907; x_wconf 82' lang='lat' dir='ltr'>vero</span> <span class='ocrx_word' id='word_1_86' title='bbox 907 866 1119 921; x_wconf 89' lang='lat' dir='ltr'>Messana,</span> <span class='ocrx_word' id='word_1_87' title='bbox 1153 883 1278 922; x_wconf 85' lang='lat' dir='ltr'>quem</span> <span class='ocrx_word' id='word_1_88' title='bbox 1310 869 1392 910; x_wconf 86' lang='lat' dir='ltr'>iste</span> 
     </span>
     <span class='ocr_line' id='line_1_12' title="bbox 51 923 1392 979; baseline 0.004 -16"><span class='ocrx_word' id='word_1_89' title='bbox 51 923 133 963; x_wconf 88' lang='lat' dir='ltr'>sibi</span> <span class='ocrx_word' id='word_1_90' title='bbox 154 923 295 964; x_wconf 89' lang='lat' dir='ltr'>locum</span> <span class='ocrx_word' id='word_1_91' title='bbox 315 924 499 964; x_wconf 83' lang='lat' dir='ltr'>maxime</span> <span class='ocrx_word' id='word_1_92' title='bbox 526 926 669 965; x_wconf 88' lang='lat' dir='ltr'>tutum</span> <span class='ocrx_word' id='word_1_93' title='bbox 696 938 787 965; x_wconf 88' lang='lat' dir='ltr'>esse</span> <span class='ocrx_word' id='word_1_94' title='bbox 815 925 1122 979; x_wconf 87' lang='lat' dir='ltr'>arbitrabatur,</span> <span class='ocrx_word' id='word_1_95' title='bbox 1148 927 1222 967; x_wconf 91' lang='lat' dir='ltr'>ubi</span> <span class='ocrx_word' id='word_1_96' title='bbox 1250 928 1392 968; x_wconf 89' lang='lat' dir='ltr'>animo</span> 
     </span>
     <span class='ocr_line' id='line_1_13' title="bbox 51 982 1393 1037; baseline 0.004 -16"><span class='ocrx_word' id='word_1_97' title='bbox 51 995 217 1035; x_wconf 88' lang='lat' dir='ltr'>semper</span> <span class='ocrx_word' id='word_1_98' title='bbox 256 982 398 1023; x_wconf 90' lang='lat' dir='ltr'>soluto</span> <span class='ocrx_word' id='word_1_99' title='bbox 435 982 656 1036; x_wconf 87' lang='lat' dir='ltr'>liberoque</span> <span class='ocrx_word' id='word_1_100' title='bbox 689 986 797 1035; x_wconf 75' lang='lat' dir='ltr'>erat,</span> <span class='ocrx_word' id='word_1_101' title='bbox 838 985 951 1037; x_wconf 89' lang='lat' dir='ltr'>quod</span> <span class='ocrx_word' id='word_1_102' title='bbox 984 985 1067 1026; x_wconf 89' lang='lat' dir='ltr'>sibi</span> <span class='ocrx_word' id='word_1_103' title='bbox 1098 985 1180 1025; x_wconf 90' lang='lat' dir='ltr'>iste</span> <span class='ocrx_word' id='word_1_104' title='bbox 1212 985 1393 1027; x_wconf 87' lang='lat' dir='ltr'>Mamer-</span> 
     </span>
     <span class='ocr_line' id='line_1_14' title="bbox 49 1040 1392 1099; baseline 0.004 -19"><span class='ocrx_word' id='word_1_105' title='bbox 49 1040 163 1080; x_wconf 88' lang='lat' dir='ltr'>tinos</span> <span class='ocrx_word' id='word_1_106' title='bbox 197 1040 433 1095; x_wconf 78' lang='lat' dir='ltr'>delegerat,</span> <span class='ocrx_word' id='word_1_107' title='bbox 472 1040 525 1081; x_wconf 89' lang='lat' dir='ltr'>ad</span> <span class='ocrx_word' id='word_1_108' title='bbox 559 1055 664 1094; x_wconf 88' lang='lat' dir='ltr'>quos</span> <span class='ocrx_word' id='word_1_109' title='bbox 698 1042 858 1095; x_wconf 89' lang='lat' dir='ltr'>omnia,</span> <span class='ocrx_word' id='word_1_110' title='bbox 895 1057 1002 1097; x_wconf 90' lang='lat' dir='ltr'>quae</span> <span class='ocrx_word' id='word_1_111' title='bbox 1036 1046 1110 1084; x_wconf 85' lang='lat' dir='ltr'>aut</span> <span class='ocrx_word' id='word_1_112' title='bbox 1143 1044 1392 1099; x_wconf 88' lang='lat' dir='ltr'>diligentius</span> 
     </span>
     <span class='ocr_line' id='line_1_15' title="bbox 50 1098 1393 1156; baseline 0.004 -18"><span class='ocrx_word' id='word_1_113' title='bbox 50 1098 259 1139; x_wconf 89' lang='lat' dir='ltr'>servanda</span> <span class='ocrx_word' id='word_1_114' title='bbox 298 1102 371 1139; x_wconf 85' lang='lat' dir='ltr'>aut</span> <span class='ocrx_word' id='word_1_115' title='bbox 410 1099 617 1140; x_wconf 84' lang='lat' dir='ltr'>occultius</span> <span class='ocrx_word' id='word_1_116' title='bbox 658 1101 923 1154; x_wconf 86' lang='lat' dir='ltr'>exportanda</span> <span class='ocrx_word' id='word_1_117' title='bbox 955 1104 1094 1155; x_wconf 87' lang='lat' dir='ltr'>erant,</span> <span class='ocrx_word' id='word_1_118' title='bbox 1134 1102 1393 1156; x_wconf 87' lang='lat' dir='ltr'>deportaret.</span> 
     </span>
     <span class='ocr_line' id='line_1_16' title="bbox 0 1156 1393 1216; baseline 0.004 -19"><span class='ocrx_word' id='word_1_119' title='bbox 0 1168 29 1192; x_wconf 84' lang='lat'>15</span> <span class='ocrx_word' id='word_1_120' title='bbox 51 1156 129 1197; x_wconf 90' lang='lat' dir='ltr'>His</span> <span class='ocrx_word' id='word_1_121' title='bbox 168 1157 352 1198; x_wconf 89' lang='lat' dir='ltr'>inventis</span> <span class='ocrx_word' id='word_1_122' title='bbox 391 1158 551 1199; x_wconf 88' lang='lat' dir='ltr'>libellis</span> <span class='ocrx_word' id='word_1_123' title='bbox 586 1159 715 1199; x_wconf 88' lang='lat' dir='ltr'>ceteri</span> <span class='ocrx_word' id='word_1_124' title='bbox 747 1160 903 1200; x_wconf 89' lang='lat' dir='ltr'>remoti</span> <span class='ocrx_word' id='word_1_125' title='bbox 935 1163 977 1201; x_wconf 91' lang='lat' dir='ltr'>et</span> <span class='ocrx_word' id='word_1_126' title='bbox 1009 1160 1259 1216; x_wconf 88' lang='lat' dir='ltr'>diligentius</span> <span class='ocrx_word' id='word_1_127' title='bbox 1294 1165 1393 1202; x_wconf 89' lang='lat' dir='ltr'>sunt</span> 
     </span>
     <span class='ocr_line' id='line_1_17' title="bbox 50 1216 1392 1274; baseline 0.004 -18"><span class='ocrx_word' id='word_1_128' title='bbox 50 1216 274 1268; x_wconf 79' lang='lat' dir='ltr'>reconditi3</span> <span class='ocrx_word' id='word_1_129' title='bbox 312 1231 390 1257; x_wconf 88' lang='lat' dir='ltr'>nos</span> <span class='ocrx_word' id='word_1_130' title='bbox 429 1219 592 1270; x_wconf 90' lang='lat' dir='ltr'>tamen,</span> <span class='ocrx_word' id='word_1_131' title='bbox 630 1219 678 1257; x_wconf 89' lang='lat' dir='ltr'>ut</span> <span class='ocrx_word' id='word_1_132' title='bbox 716 1232 862 1259; x_wconf 88' lang='lat' dir='ltr'>omnes</span> <span class='ocrx_word' id='word_1_133' title='bbox 901 1219 1161 1274; x_wconf 85' lang='lat' dir='ltr'>intellegant</span> <span class='ocrx_word' id='word_1_134' title='bbox 1199 1220 1280 1261; x_wconf 88' lang='lat' dir='ltr'>hoc</span> <span class='ocrx_word' id='word_1_135' title='bbox 1314 1235 1392 1261; x_wconf 81' lang='lat' dir='ltr'>nos</span> 
     </span>
     <span class='ocr_line' id='line_1_18' title="bbox 50 1274 1463 1346; baseline 0.004 -32"><span class='ocrx_word' id='word_1_136' title='bbox 50 1274 140 1314; x_wconf 89' lang='lat' dir='ltr'>sine</span> <span class='ocrx_word' id='word_1_137' title='bbox 168 1274 401 1329; x_wconf 85' lang='lat' dir='ltr'>cupiditate</span> <span class='ocrx_word' id='word_1_138' title='bbox 429 1289 567 1330; x_wconf 87' lang='lat' dir='ltr'>agere,</span> <span class='ocrx_word' id='word_1_139' title='bbox 600 1275 666 1316; x_wconf 86' lang='lat' dir='ltr'>his</span> <span class='ocrx_word' id='word_1_140' title='bbox 693 1276 800 1329; x_wconf 88' lang='lat' dir='ltr'>ipsis</span> <span class='ocrx_word' id='word_1_141' title='bbox 827 1277 986 1317; x_wconf 91' lang='lat' dir='ltr'>libellis</span> <span class='ocrx_word' id='word_1_142' title='bbox 1015 1278 1206 1318; x_wconf 88' lang='lat' dir='ltr'>contenti</span> <span class='ocrx_word' id='word_1_143' title='bbox 1233 1292 1391 1319; x_wconf 88' lang='lat' dir='ltr'>sumus.</span> <span class='ocrx_word' id='word_1_144' title='bbox 1410 1306 1463 1346; x_wconf 70' lang='lat'>76</span> 
     </span>
     <span class='ocr_line' id='line_1_19' title="bbox 136 1331 1463 1390; baseline 0.004 -17"><span class='ocrx_word' id='word_1_145' title='bbox 136 1331 260 1374; x_wconf 86' lang='lat' dir='ltr'>Nunc</span> <span class='ocrx_word' id='word_1_146' title='bbox 281 1334 333 1373; x_wconf 92' lang='lat' dir='ltr'>ad</span> <span class='ocrx_word' id='word_1_147' title='bbox 355 1334 567 1374; x_wconf 85' lang='lat' dir='ltr'>sociorum</span> <span class='ocrx_word' id='word_1_148' title='bbox 588 1334 760 1375; x_wconf 89' lang='lat' dir='ltr'>tabulas</span> <span class='ocrx_word' id='word_1_149' title='bbox 789 1336 952 1389; x_wconf 84' lang='lat' dir='ltr'>accepti</span> <span class='ocrx_word' id='word_1_150' title='bbox 979 1338 1020 1376; x_wconf 92' lang='lat' dir='ltr'>et</span> <span class='ocrx_word' id='word_1_151' title='bbox 1048 1337 1233 1390; x_wconf 84' lang='lat' dir='ltr'>expensi,</span> <span class='ocrx_word' id='word_1_152' title='bbox 1261 1352 1367 1390; x_wconf 79' lang='lat' dir='ltr'>quas</span> <span class='ocrx_word' id='word_1_153' title='bbox 1398 1358 1463 1389; x_wconf 85' lang='lat'>186</span> 
     </span>
     <span class='ocr_line' id='line_1_20' title="bbox 49 1391 1393 1448; baseline 0.004 -17"><span class='ocrx_word' id='word_1_154' title='bbox 49 1405 267 1432; x_wconf 82' lang='lat' dir='ltr'>removere</span> <span class='ocrx_word' id='word_1_155' title='bbox 288 1391 466 1433; x_wconf 85' lang='lat' dir='ltr'>honeste</span> <span class='ocrx_word' id='word_1_156' title='bbox 486 1393 606 1433; x_wconf 91' lang='lat' dir='ltr'>nullo</span> <span class='ocrx_word' id='word_1_157' title='bbox 635 1393 760 1434; x_wconf 88' lang='lat' dir='ltr'>modo</span> <span class='ocrx_word' id='word_1_158' title='bbox 787 1396 1032 1448; x_wconf 87' lang='lat' dir='ltr'>potuerunt,</span> <span class='ocrx_word' id='word_1_159' title='bbox 1060 1397 1102 1435; x_wconf 91' lang='lat' dir='ltr'>et</span> <span class='ocrx_word' id='word_1_160' title='bbox 1129 1395 1182 1435; x_wconf 90' lang='lat' dir='ltr'>ad</span> <span class='ocrx_word' id='word_1_161' title='bbox 1209 1396 1393 1436; x_wconf 88' lang='lat' dir='ltr'>amicum</span> 
     </span>
     <span class='ocr_line' id='line_1_21' title="bbox 1 1449 1393 1508; baseline 0.004 -18"><span class='ocrx_word' id='word_1_162' title='bbox 1 1460 30 1485; x_wconf 67' lang='grc' dir='ltr'>ἑο</span> <span class='ocrx_word' id='word_1_163' title='bbox 49 1452 172 1491; x_wconf 89' lang='lat' dir='ltr'>tuum</span> <span class='ocrx_word' id='word_1_164' title='bbox 211 1449 509 1503; x_wconf 83' lang='lat' dir='ltr'>Carpinatium</span> <span class='ocrx_word' id='word_1_165' title='bbox 546 1454 823 1492; x_wconf 86' lang='lat' dir='ltr'>revertemur.</span> <span class='ocrx_word' id='word_1_166' title='bbox 891 1453 1230 1507; x_wconf 87' lang='lat' dir='ltr'>Inspiciebamus</span> <span class='ocrx_word' id='word_1_167' title='bbox 1271 1453 1393 1508; x_wconf 76' lang='lat' dir='ltr'>Syra-</span> 
     </span>
     <span class='ocr_line' id='line_1_22' title="bbox 49 1508 1393 1566; baseline 0.004 -18"><span class='ocrx_word' id='word_1_168' title='bbox 49 1508 160 1549; x_wconf 89' lang='lat' dir='ltr'>cusis</span> <span class='ocrx_word' id='word_1_169' title='bbox 200 1524 225 1549; x_wconf 86' lang='lat' dir='ltr'>a</span> <span class='ocrx_word' id='word_1_170' title='bbox 257 1508 508 1563; x_wconf 84' lang='lat' dir='ltr'>Carpinatio</span> <span class='ocrx_word' id='word_1_171' title='bbox 547 1510 762 1551; x_wconf 84' lang='lat' dir='ltr'>confectas</span> <span class='ocrx_word' id='word_1_172' title='bbox 801 1511 974 1552; x_wconf 89' lang='lat' dir='ltr'>tabulas</span> <span class='ocrx_word' id='word_1_173' title='bbox 1008 1512 1245 1566; x_wconf 84' lang='lat' dir='ltr'>societatis,</span> <span class='ocrx_word' id='word_1_174' title='bbox 1285 1527 1393 1566; x_wconf 86' lang='lat' dir='ltr'>quae</span> 
     </span>
     <span class='ocr_line' id='line_1_23' title="bbox 50 1567 1391 1621; baseline 0.004 -15"><span class='ocrx_word' id='word_1_175' title='bbox 50 1567 353 1621; x_wconf 85' lang='lat' dir='ltr'>significabant</span> <span class='ocrx_word' id='word_1_176' title='bbox 379 1568 527 1608; x_wconf 90' lang='lat' dir='ltr'>multis</span> <span class='ocrx_word' id='word_1_177' title='bbox 560 1568 805 1610; x_wconf 87' lang='lat' dir='ltr'>nominibus</span> <span class='ocrx_word' id='word_1_178' title='bbox 840 1584 911 1610; x_wconf 90' lang='lat' dir='ltr'>eos</span> <span class='ocrx_word' id='word_1_179' title='bbox 944 1570 1139 1611; x_wconf 85' lang='lat' dir='ltr'>homines</span> <span class='ocrx_word' id='word_1_180' title='bbox 1171 1585 1391 1612; x_wconf 85' lang='lat' dir='ltr'>versuram</span> 
     </span>
     <span class='ocr_line' id='line_1_24' title="bbox 50 1624 1392 1683; baseline 0.004 -18"><span class='ocrx_word' id='word_1_181' title='bbox 50 1640 74 1666; x_wconf 89' lang='lat' dir='ltr'>a</span> <span class='ocrx_word' id='word_1_182' title='bbox 115 1624 367 1678; x_wconf 82' lang='lat' dir='ltr'>Carpinatio</span> <span class='ocrx_word' id='word_1_183' title='bbox 411 1626 580 1679; x_wconf 84' lang='lat' dir='ltr'>fecisse,</span> <span class='ocrx_word' id='word_1_184' title='bbox 628 1627 700 1679; x_wconf 86' lang='lat' dir='ltr'>qui</span> <span class='ocrx_word' id='word_1_185' title='bbox 743 1628 944 1680; x_wconf 88' lang='lat' dir='ltr'>pecunias</span> <span class='ocrx_word' id='word_1_186' title='bbox 984 1628 1111 1669; x_wconf 89' lang='lat' dir='ltr'>Verri</span> <span class='ocrx_word' id='word_1_187' title='bbox 1156 1629 1392 1683; x_wconf 81' lang='lat' dir='ltr'>dedissent3</span> 
     </span>
     <span class='ocr_line' id='line_1_25' title="bbox 50 1683 1392 1741; baseline 0.004 -17"><span class='ocrx_word' id='word_1_188' title='bbox 50 1683 162 1737; x_wconf 90' lang='lat' dir='ltr'>quod</span> <span class='ocrx_word' id='word_1_189' title='bbox 200 1684 281 1725; x_wconf 89' lang='lat' dir='ltr'>erit</span> <span class='ocrx_word' id='word_1_190' title='bbox 318 1684 441 1725; x_wconf 89' lang='lat' dir='ltr'>vobis</span> <span class='ocrx_word' id='word_1_191' title='bbox 480 1685 572 1726; x_wconf 89' lang='lat' dir='ltr'>luce</span> <span class='ocrx_word' id='word_1_192' title='bbox 611 1685 785 1738; x_wconf 86' lang='lat' dir='ltr'>clarius,</span> <span class='ocrx_word' id='word_1_193' title='bbox 823 1686 1000 1739; x_wconf 87' lang='lat' dir='ltr'>iudices,</span> <span class='ocrx_word' id='word_1_194' title='bbox 1038 1690 1149 1741; x_wconf 89' lang='lat' dir='ltr'>tum,</span> <span class='ocrx_word' id='word_1_195' title='bbox 1188 1702 1283 1729; x_wconf 88' lang='lat' dir='ltr'>cum</span> <span class='ocrx_word' id='word_1_196' title='bbox 1320 1702 1392 1729; x_wconf 88' lang='lat' dir='ltr'>eos</span> 
     </span>
     <span class='ocr_line' id='line_1_26' title="bbox 0 1742 1393 1801; baseline 0.004 -19"><span class='ocrx_word' id='word_1_197' title='bbox 0 1748 28 1777; x_wconf 71' lang='lat'>&#39;³5</span> <span class='ocrx_word' id='word_1_198' title='bbox 48 1742 165 1796; x_wconf 89' lang='lat' dir='ltr'>ipsos</span> <span class='ocrx_word' id='word_1_199' title='bbox 195 1743 453 1796; x_wconf 87' lang='lat' dir='ltr'>produxero,</span> <span class='ocrx_word' id='word_1_200' title='bbox 488 1743 559 1797; x_wconf 86' lang='lat' dir='ltr'>qui</span> <span class='ocrx_word' id='word_1_201' title='bbox 592 1743 809 1785; x_wconf 89' lang='lat' dir='ltr'>dederunt.</span> <span class='ocrx_word' id='word_1_202' title='bbox 866 1745 1136 1801; x_wconf 83' lang='lat' dir='ltr'>lntellegetis</span> <span class='ocrx_word' id='word_1_203' title='bbox 1170 1746 1284 1787; x_wconf 87' lang='lat' dir='ltr'>enim</span> <span class='ocrx_word' id='word_1_204' title='bbox 1315 1747 1393 1787; x_wconf 91' lang='lat' dir='ltr'>illa</span> 
     </span>
     <span class='ocr_line' id='line_1_27' title="bbox 48 1803 1392 1858; baseline 0.003 -17"><span class='ocrx_word' id='word_1_205' title='bbox 48 1803 261 1855; x_wconf 86' lang='lat' dir='ltr'>tempora,</span> <span class='ocrx_word' id='word_1_206' title='bbox 304 1816 380 1855; x_wconf 89' lang='lat' dir='ltr'>per</span> <span class='ocrx_word' id='word_1_207' title='bbox 425 1816 549 1855; x_wconf 88' lang='lat' dir='ltr'>quae,</span> <span class='ocrx_word' id='word_1_208' title='bbox 594 1816 690 1843; x_wconf 91' lang='lat' dir='ltr'>cum</span> <span class='ocrx_word' id='word_1_209' title='bbox 735 1806 878 1843; x_wconf 88' lang='lat' dir='ltr'>essent</span> <span class='ocrx_word' id='word_1_210' title='bbox 919 1804 963 1844; x_wconf 88' lang='lat' dir='ltr'>in</span> <span class='ocrx_word' id='word_1_211' title='bbox 1000 1804 1210 1858; x_wconf 89' lang='lat' dir='ltr'>periculo,</span> <span class='ocrx_word' id='word_1_212' title='bbox 1252 1805 1392 1858; x_wconf 89' lang='lat' dir='ltr'>pretio</span> 
     </span>
     <span class='ocr_line' id='line_1_28' title="bbox 49 1859 1391 1913; baseline 0.004 -14"><span class='ocrx_word' id='word_1_213' title='bbox 49 1873 140 1900; x_wconf 89' lang='lat' dir='ltr'>sese</span> <span class='ocrx_word' id='word_1_214' title='bbox 184 1859 474 1913; x_wconf 88' lang='lat' dir='ltr'>redemerunt,</span> <span class='ocrx_word' id='word_1_215' title='bbox 519 1875 615 1901; x_wconf 92' lang='lat' dir='ltr'>cum</span> <span class='ocrx_word' id='word_1_216' title='bbox 660 1860 878 1902; x_wconf 85' lang='lat' dir='ltr'>societatis</span> <span class='ocrx_word' id='word_1_217' title='bbox 923 1862 1085 1903; x_wconf 88' lang='lat' dir='ltr'>tabulis</span> <span class='ocrx_word' id='word_1_218' title='bbox 1127 1878 1213 1904; x_wconf 88' lang='lat' dir='ltr'>non</span> <span class='ocrx_word' id='word_1_219' title='bbox 1252 1864 1391 1904; x_wconf 85' lang='lat' dir='ltr'>solum</span> 
     </span>
     <span class='ocr_line' id='line_1_29' title="bbox 50 1918 1462 1971; baseline 0.004 -13"><span class='ocrx_word' id='word_1_220' title='bbox 50 1918 318 1971; x_wconf 90' lang='lat' dir='ltr'>consulibus,</span> <span class='ocrx_word' id='word_1_221' title='bbox 355 1933 503 1959; x_wconf 88' lang='lat' dir='ltr'>verum</span> <span class='ocrx_word' id='word_1_222' title='bbox 543 1918 675 1959; x_wconf 81' lang='lat' dir='ltr'>etiam</span> <span class='ocrx_word' id='word_1_223' title='bbox 713 1920 931 1961; x_wconf 86' lang='lat' dir='ltr'>mensibus</span> <span class='ocrx_word' id='word_1_224' title='bbox 966 1921 1204 1962; x_wconf 87' lang='lat' dir='ltr'>convenire.</span> <span class='ocrx_word' id='word_1_225' title='bbox 1261 1921 1369 1963; x_wconf 88' lang='lat' dir='ltr'>Cum</span> <span class='ocrx_word' id='word_1_226' title='bbox 1399 1924 1462 1955; x_wconf 84' lang='lat'>187</span> 
     </span>
     <span class='ocr_line' id='line_1_30' title="bbox 47 1975 1393 2032; baseline 0.003 -15"><span class='ocrx_word' id='word_1_227' title='bbox 47 1975 129 2017; x_wconf 90' lang='lat' dir='ltr'>hoc</span> <span class='ocrx_word' id='word_1_228' title='bbox 145 1977 330 2017; x_wconf 80' lang='lat' dir='ltr'>maxime</span> <span class='ocrx_word' id='word_1_229' title='bbox 351 1991 706 2032; x_wconf 87' lang='lat' dir='ltr'>cognosceremus</span> <span class='ocrx_word' id='word_1_230' title='bbox 728 1980 770 2018; x_wconf 89' lang='lat' dir='ltr'>et</span> <span class='ocrx_word' id='word_1_231' title='bbox 792 1978 913 2031; x_wconf 88' lang='lat' dir='ltr'>[iam]</span> <span class='ocrx_word' id='word_1_232' title='bbox 935 1979 979 2020; x_wconf 93' lang='lat' dir='ltr'>in</span> <span class='ocrx_word' id='word_1_233' title='bbox 1000 1980 1198 2020; x_wconf 89' lang='lat' dir='ltr'>manibus</span> <span class='ocrx_word' id='word_1_234' title='bbox 1219 1980 1393 2021; x_wconf 88' lang='lat' dir='ltr'>tabulas</span> 
     </span>
     <span class='ocr_line' id='line_1_31' title="bbox 6 2034 1393 2093; baseline 0.004 -18"><span class='ocrx_word' id='word_1_235' title='bbox 6 2046 29 2070; x_wconf 71' lang='grc' dir='ltr'>ςο</span> <span class='ocrx_word' id='word_1_236' title='bbox 47 2034 317 2088; x_wconf 87' lang='lat' dir='ltr'>haberemus,</span> <span class='ocrx_word' id='word_1_237' title='bbox 349 2039 523 2089; x_wconf 88' lang='lat' dir='ltr'>repente</span> <span class='ocrx_word' id='word_1_238' title='bbox 551 2036 780 2090; x_wconf 86' lang='lat' dir='ltr'>aspicimus</span> <span class='ocrx_word' id='word_1_239' title='bbox 810 2037 964 2078; x_wconf 82' lang='lat' dir='ltr'>lituras</span> <span class='ocrx_word' id='word_1_240' title='bbox 998 2038 1087 2079; x_wconf 90' lang='lat' dir='ltr'>eius</span> <span class='ocrx_word' id='word_1_241' title='bbox 1122 2039 1237 2079; x_wconf 90' lang='lat' dir='ltr'>modi</span> <span class='ocrx_word' id='word_1_242' title='bbox 1271 2039 1393 2093; x_wconf 85' lang='lat' dir='ltr'>quasi</span> 
     </span>
     <span class='ocr_line' id='line_1_32' title="bbox 48 2093 1393 2151; baseline 0.004 -18"><span class='ocrx_word' id='word_1_243' title='bbox 48 2093 258 2147; x_wconf 86' lang='lat' dir='ltr'>quaedam</span> <span class='ocrx_word' id='word_1_244' title='bbox 296 2094 474 2135; x_wconf 84' lang='lat' dir='ltr'>vulnera</span> <span class='ocrx_word' id='word_1_245' title='bbox 512 2095 760 2135; x_wconf 89' lang='lat' dir='ltr'>tabularum</span> <span class='ocrx_word' id='word_1_246' title='bbox 798 2096 996 2137; x_wconf 83' lang='lat' dir='ltr'>recentia.</span> <span class='ocrx_word' id='word_1_247' title='bbox 1060 2095 1217 2138; x_wconf 80' lang='lat' dir='ltr'>Statim</span> <span class='ocrx_word' id='word_1_248' title='bbox 1258 2098 1393 2151; x_wconf 86' lang='lat' dir='ltr'>suspi-</span> 
     </span>
     <span class='ocr_line' id='line_1_33' title="bbox 47 2151 1391 2209; baseline 0.003 -17"><span class='ocrx_word' id='word_1_249' title='bbox 47 2151 166 2192; x_wconf 90' lang='lat' dir='ltr'>cione</span> <span class='ocrx_word' id='word_1_250' title='bbox 212 2153 362 2193; x_wconf 83' lang='lat' dir='ltr'>offensi</span> <span class='ocrx_word' id='word_1_251' title='bbox 407 2153 459 2194; x_wconf 87' lang='lat' dir='ltr'>ad</span> <span class='ocrx_word' id='word_1_252' title='bbox 498 2167 545 2193; x_wconf 87' lang='lat' dir='ltr'>ea</span> <span class='ocrx_word' id='word_1_253' title='bbox 584 2153 679 2207; x_wconf 89' lang='lat' dir='ltr'>ipsa</span> <span class='ocrx_word' id='word_1_254' title='bbox 716 2154 892 2196; x_wconf 89' lang='lat' dir='ltr'>nomina</span> <span class='ocrx_word' id='word_1_255' title='bbox 930 2156 1077 2197; x_wconf 88' lang='lat' dir='ltr'>oculos</span> <span class='ocrx_word' id='word_1_256' title='bbox 1117 2156 1391 2209; x_wconf 83' lang='lat' dir='ltr'>animumque</span> 
     </span>
     <span class='ocr_line' id='line_1_34' title="bbox 47 2211 1390 2267; baseline 0.004 -17"><span class='ocrx_word' id='word_1_257' title='bbox 47 2211 360 2251; x_wconf 85' lang='lat' dir='ltr'>transtulimus.</span> <span class='ocrx_word' id='word_1_258' title='bbox 422 2211 561 2252; x_wconf 84' lang='lat' dir='ltr'>Erant</span> <span class='ocrx_word' id='word_1_259' title='bbox 600 2214 796 2264; x_wconf 88' lang='lat' dir='ltr'>acceptae</span> <span class='ocrx_word' id='word_1_260' title='bbox 836 2214 1040 2267; x_wconf 89' lang='lat' dir='ltr'>pecuniae</span> <span class='ocrx_word' id='word_1_261' title='bbox 1080 2213 1123 2255; x_wconf 89' lang='lat' dir='ltr'>C.</span> <span class='ocrx_word' id='word_1_262' title='bbox 1151 2214 1390 2256; x_wconf 83' lang='lat' dir='ltr'>VERRUCIO</span> 
     </span>
     <span class='ocr_line' id='line_1_35' title="bbox 49 2268 1392 2323; baseline 0.003 -14"><span class='ocrx_word' id='word_1_263' title='bbox 49 2268 91 2309; x_wconf 90' lang='lat' dir='ltr'>C.</span> <span class='ocrx_word' id='word_1_264' title='bbox 118 2280 170 2323; x_wconf 71' lang='lat' dir='ltr'>R,</span> <span class='ocrx_word' id='word_1_265' title='bbox 204 2269 263 2310; x_wconf 87' lang='lat' dir='ltr'>sic</span> <span class='ocrx_word' id='word_1_266' title='bbox 289 2272 446 2323; x_wconf 88' lang='lat' dir='ltr'>tamen,</span> <span class='ocrx_word' id='word_1_267' title='bbox 479 2272 527 2310; x_wconf 91' lang='lat' dir='ltr'>ut</span> <span class='ocrx_word' id='word_1_268' title='bbox 559 2284 692 2323; x_wconf 84' lang='lat' dir='ltr'>usque</span> <span class='ocrx_word' id='word_1_269' title='bbox 726 2271 779 2311; x_wconf 88' lang='lat' dir='ltr'>ad</span> <span class='ocrx_word' id='word_1_270' title='bbox 811 2272 994 2313; x_wconf 88' lang='lat' dir='ltr'>alterum</span> <span class='ocrx_word' id='word_1_271' title='bbox 1021 2272 1059 2313; x_wconf 81' lang='lat' dir='ltr'><strong>R</strong></span> <span class='ocrx_word' id='word_1_272' title='bbox 1092 2273 1263 2314; x_wconf 89' lang='lat' dir='ltr'>litterae</span> <span class='ocrx_word' id='word_1_273' title='bbox 1298 2288 1392 2313; x_wconf 83' lang='lat' dir='ltr'>con-</span> 
     </span>
     <span class='ocr_line' id='line_1_36' title="bbox 10 2328 1391 2385; baseline 0.004 -19"><span class='ocrx_word' id='word_1_274' title='bbox 10 2329 214 2368; x_wconf 79' lang='lat' dir='ltr'>5starent</span> <span class='ocrx_word' id='word_1_275' title='bbox 263 2328 477 2383; x_wconf 85' lang='lat' dir='ltr'>integrae,</span> <span class='ocrx_word' id='word_1_276' title='bbox 528 2329 718 2382; x_wconf 85' lang='lat' dir='ltr'>reliquae</span> <span class='ocrx_word' id='word_1_277' title='bbox 769 2344 916 2371; x_wconf 88' lang='lat' dir='ltr'>omnes</span> <span class='ocrx_word' id='word_1_278' title='bbox 968 2334 1110 2371; x_wconf 90' lang='lat' dir='ltr'>essent</span> <span class='ocrx_word' id='word_1_279' title='bbox 1153 2331 1199 2371; x_wconf 89' lang='lat' dir='ltr'>in</span> <span class='ocrx_word' id='word_1_280' title='bbox 1242 2331 1391 2385; x_wconf 83' lang='lat' dir='ltr'>litura3</span> 
     </span>
     <span class='ocr_line' id='line_1_37' title="bbox 51 2385 1391 2441; baseline 0.004 -16"><span class='ocrx_word' id='word_1_281' title='bbox 51 2385 250 2439; x_wconf 87' lang='lat' dir='ltr'>alterum,</span> <span class='ocrx_word' id='word_1_282' title='bbox 292 2387 488 2440; x_wconf 89' lang='lat' dir='ltr'>tertium,</span> <span class='ocrx_word' id='word_1_283' title='bbox 528 2390 747 2441; x_wconf 81' lang='lat' dir='ltr'>quartum,</span> <span class='ocrx_word' id='word_1_284' title='bbox 785 2389 1002 2441; x_wconf 87' lang='lat' dir='ltr'>permulta</span> <span class='ocrx_word' id='word_1_285' title='bbox 1041 2392 1164 2430; x_wconf 89' lang='lat' dir='ltr'>erant</span> <span class='ocrx_word' id='word_1_286' title='bbox 1202 2389 1391 2431; x_wconf 88' lang='lat' dir='ltr'>eiusdem</span> 
     </span>
     <span class='ocr_line' id='line_1_38' title="bbox 48 2443 1391 2503; baseline 0.004 -20"><span class='ocrx_word' id='word_1_287' title='bbox 48 2443 164 2484; x_wconf 89' lang='lat' dir='ltr'>modi</span> <span class='ocrx_word' id='word_1_288' title='bbox 206 2445 392 2486; x_wconf 85' lang='lat' dir='ltr'>nomina.</span> <span class='ocrx_word' id='word_1_289' title='bbox 461 2445 567 2487; x_wconf 86' lang='lat' dir='ltr'>Cum</span> <span class='ocrx_word' id='word_1_290' title='bbox 613 2446 843 2487; x_wconf 82' lang='lat' dir='ltr'>manifesta</span> <span class='ocrx_word' id='word_1_291' title='bbox 886 2462 954 2488; x_wconf 87' lang='lat' dir='ltr'>res</span> <span class='ocrx_word' id='word_1_292' title='bbox 999 2448 1217 2503; x_wconf 85' lang='lat' dir='ltr'>flagitiosa</span> <span class='ocrx_word' id='word_1_293' title='bbox 1258 2448 1391 2489; x_wconf 86' lang='lat' dir='ltr'>litura</span> 
     </span>
    </p>
   </div>
   <div class='ocr_carea' id='block_1_3' title="bbox 0 1755 8 2584">
    <p class='ocr_par' dir='ltr' id='par_1_3' title="bbox 0 1755 8 2584">
     <span class='ocr_line' id='line_1_39' title="bbox 0 1755 8 2584; baseline 0 -579"><span class='ocrx_word' id='word_1_294' title='bbox 0 1755 8 2584; x_wconf 95' lang='lat' dir='ltr'>    </span> 
     </span>
    </p>
   </div>
  </div>
 </body>
</html>
