1618 2584
177 276 263 316 466
580 276 629 310 IN
658 276 694 310 C.
716 275 919 310 VERREM
946 276 1047 310 ACT.
1074 277 1118 311 11.

109 369 164 410 39
180 371 304 412 istius
343 372 520 413 audacia
558 372 797 412 tenebatur.
858 370 1000 412 Homo
1034 371 1191 413 certior
1221 372 1271 413 fit
1303 373 1373 427 agi
1405 372 1514 413 nihil

178 429 222 470 in
236 430 329 471 foro
346 433 387 471 et
402 432 613 471 conventu
628 432 721 470 toto
738 429 803 470 die
823 430 906 470 nisi
926 429 1018 483 1100,
1040 430 1186 484 quaeri
1207 445 1255 471 ex
1274 431 1515 485 nauarchis,

179 503 304 542 quem
344 489 396 529 ad
434 489 608 529 modum
641 488 791 529 classis
825 488 881 529 sit
913 489 1090 542 amissa3
1127 489 1226 529 illos
1259 490 1514 543 respondere

178 550 220 587 et
262 548 410 588 docere
448 562 579 587 unum
619 561 844 600 quemque,
888 547 1091 588 missione
1129 548 1358 602 remigum,
1400 548 1513 589 fame

177 606 457 659 reliquorum,
491 605 732 647 Cleomenis
764 605 917 646 timore
950 608 992 646 et
1022 606 1137 661 fuga.
1195 605 1315 653 Quod
1347 609 1514 660 postea-

179 679 306 718 quam
356 664 437 705 iste
485 665 705 719 cognovit,
754 664 863 706 hanc
906 665 1117 705 rationem
1161 664 1320 705 habere
1364 666 1514 719 coepit.

178 722 362 764 Causam
390 723 473 763 sibi
501 724 721 765 dicendam
755 737 846 763 esse
880 725 1092 764 statuerat
1124 723 1209 763 iam
1244 727 1353 777 ante,
1386 738 1514 777 quain

176 781 258 823 hoc
300 796 380 822 usu
424 782 558 835 venit,
602 782 665 822 ita
707 784 756 822 ut
799 782 939 834 ipsum
984 782 1124 836 priore
1170 782 1336 823 actione
1378 782 1514 824 dicere

177 840 370 881 audistis.
419 840 606 881 Videbat
636 840 723 881 illis
755 840 983 881 nauarchis
1016 841 1199 881 testibus
1233 843 1402 881 tantum
1435 841 1515 882 hoc

176 899 336 940 crimen
387 900 596 940 sustinere
646 914 690 940 se
736 899 855 939 nullo
901 899 1026 940 modo
1072 913 1208 953 posse.
1278 898 1514 940 Consilium

109 966 172 996 102
194 958 309 1012 capit
329 958 466 1012 primo
488 959 681 1011 stultum,
702 973 848 999 verum
868 961 1012 998 tamen
1033 958 1230 998 clemens.
1262 956 1513 999 Nauarchos

177 1017 229 1057 ad
262 1031 305 1057 se
338 1017 482 1058 vocari
515 1017 650 1070 iubet3
689 1017 875 1057 veniunt.
934 1016 1120 1057 Accusat
1153 1031 1242 1068 eos,
1281 1017 1393 1070 quod
1426 1017 1514 1058 eius

1536 912 1567 937 10

175 1075 288 1116 111οᾶ1
317 1075 366 1115 (10
393 1090 436 1116 80
465 1090 681 1117 sermones
708 1075 956 1128 habuerint,
987 1077 1126 1130 rogat,
1159 1078 1206 1115 ut
1230 1075 1274 1115 in
1300 1089 1377 1116 sua
1404 1075 1537 1129 quis-r

176 1149 256 1187 que
278 1134 391 1175 dicat
417 1134 517 1175 navi
544 1149 588 1175 se
614 1137 783 1175 tantum
810 1134 1012 1174 habuisse
1038 1136 1279 1187 nautarum,
1306 1137 1514 1188 quantum

176 1193 429 1247 oportuerit,
454 1207 589 1246 neque
617 1207 874 1247 quemquam
902 1207 993 1233 esse
1019 1193 1254 1233 dimissum.
1304 1192 1375 1233 Illi
1402 1193 1513 1234 enim

176 1266 275 1292 vero
316 1266 359 1292 80
399 1252 648 1305 ostendunt,
693 1252 805 1305 quod
843 1252 991 1304 vellet,
1033 1265 1124 1292 esse
1163 1254 1365 1292 facturos.
1426 1251 1514 1292 Iste

174 1325 261 1351 non
300 1310 605 1363 procrastinat,
645 1310 824 1351 advocat
863 1310 1020 1350 amicos
1061 1310 1226 1363 statim,
1266 1310 1433 1363 quaerit
1465 1325 1515 1351 ex

174 1369 226 1409 iis
278 1369 552 1423 singillatim,
603 1371 707 1422 quot
754 1368 931 1422 quisque
981 1371 1135 1409 nautas
1186 1368 1403 1420 habuerit3
1453 1383 1514 1410 re·
1566 1402 1590 1420 ,¹

175 1428 348 1481 spondit
392 1442 499 1468 unus
545 1427 740 1481 quisque,
785 1430 833 1467 ut
878 1429 969 1467 erat
1010 1430 1302 1481 praeceptum3
1347 1427 1428 1468 iste
1470 1428 1514 1468 in

175 1486 347 1527 tabulas
392 1486 540 1538 refert,
586 1486 789 1540 obsignat
833 1485 968 1540 signis
1011 1485 1244 1527 amicorum
1285 1486 1512 1539 providens

174 1545 322 1597 homo,
361 1547 409 1585 ut
447 1547 597 1585 contra
634 1544 715 1585 hoc
753 1544 930 1596 crimen,
969 1544 1005 1584 si
1044 1544 1212 1598 quando
1249 1559 1355 1598 opus
1389 1548 1513 1599 esset,

107 1611 171 1642 103
192 1604 272 1644 hac
286 1603 484 1644 videlicet
504 1603 805 1644 testificatione
826 1605 1030 1644 uteretur.
1062 1602 1261 1644 Derisum
1282 1617 1374 1644 esse
1389 1604 1513 1644 credo

174 1662 394 1703 hominem
434 1664 647 1702 amentem
687 1677 712 1702 a
750 1661 836 1702 suis
876 1661 1133 1702 consiliariis
1173 1664 1215 1702 et
1248 1661 1513 1703 admonitum

175 1720 303 1761 hasce
331 1720 368 1761 ei
396 1721 568 1761 tabulas
595 1720 702 1760 nihil
730 1720 991 1774 profuturas,
1024 1720 1155 1761 etiam
1182 1720 1279 1774 plus
1307 1735 1355 1761 ex
1381 1721 1514 1761 nimia

175 1779 387 1832 praetoris
415 1779 641 1834 diligentia
668 1778 922 1832 suspicionis
949 1778 992 1818 in
1019 1793 1067 1819 eo
1100 1778 1276 1819 crimine
1307 1778 1509 1820 futurum.

174 1838 266 1879 Iam
305 1838 387 1878 iste
427 1841 518 1878 erat
555 1838 636 1878 hac
672 1837 859 1877 stultitia
891 1837 1039 1877 multis
1071 1837 1115 1877 in
1147 1838 1273 1878 rebus
1306 1852 1425 1891 usus,
1464 1841 1512 1880 ut

174 1897 343 1950 publice
396 1910 580 1950 quoque,
632 1910 738 1948 quae
788 1896 935 1948 vellet,
985 1896 1027 1936 111
1075 1896 1244 1937 litteras
1289 1896 1511 1937 civitatum

176 1955 289 2006 [tolli
328 1956 386 2005 et]
426 1954 576 1995 referri
614 1954 795 2007 iuberet3
835 1968 941 2007 quae
978 1954 1122 1994 omnia
1152 1969 1263 1995 nunc
1295 1955 1512 2010 intellegit

176 2014 257 2054 sibi
284 2013 391 2053 nihil
419 2013 632 2067 prodesse,
659 2015 941 2066 posteaquam
969 2013 1096 2053 certis
1124 2013 1294 2065 litteris,
1326 2014 1509 2054 testibus

105 2070 160 2111 40
177 2072 593 2125 auctoritatibusque
622 2071 899 2112 convincitur.
949 2070 1035 2111 Ubi
1067 2072 1146 2112 hoc
1179 2072 1305 2124 videt,
1336 2072 1509 2113 illorum

174 2130 497 2183 confessionem,
530 2130 877 2171 testificationem
905 2144 1038 2183 suam,
1070 2130 1255 2171 tabellas
1283 2130 1365 2171 sibi
1390 2131 1509 2172 nullo

175 2190 420 2230 adiumento
459 2189 645 2240 futuras,
684 2188 764 2228 init
802 2188 1027 2229 consilium
1064 2203 1151 2230 non
1188 2189 1357 2242 inprobi
1392 2204 1510 2242 prae-

173 2248 280 2289 toris
321 2247 438 2302 (nam
472 2248 515 2287 id
549 2247 718 2301 quidem
752 2250 865 2287 esset
897 2247 1149 2301 serendum),
1187 2247 1259 2288 sed
1291 2246 1511 2300 inportuni

174 2309 302 2359 atque
324 2306 506 2347 amentis
527 2306 719 2360 tyranni,
746 2306 910 2358 statuit,
937 2305 973 2346 si
999 2306 1079 2347 1100
1105 2306 1264 2347 crimen
1291 2306 1509 2347 extenuari

173 2366 305 2406 vellet
356 2364 475 2419 (nam
526 2365 699 2406 0111111110
744 2364 842 2405 tolli
885 2378 1010 2418 posse
1053 2379 1139 2405 non
1183 2363 1616 2419 0111111101)01111),35,1

174 2423 414 2464 nauarchos
459 2424 615 2476 omnis,
658 2423 782 2464 testis
828 2423 894 2463 sui
938 2423 1127 2475 80010118,
1171 2423 1260 2463 vita
1298 2437 1389 2463 esse
1427 2423 1509 2477 pri-

108 2488 171 2519 104
198 2482 372 2522 vandOS.
429 2481 689 2523 Occurrebat
721 2482 797 2522 illa
823 2481 951 2521 ratio:
988 2480 1117 2526 ‘Quid
1151 2481 1376 2522 Cleomene
1407 2481 1508 2522 fiet?

1536 1204 1567 1231 15

1534 1498 1566 1523 20

1531 1789 1563 1816 25

1529 2081 1560 2108 30

1584 2119 1587 2151 i

1592 2042 1602 2067 l]

1610 2048 1615 2071 (

1609 2165 1617 2189 ,s

1608 2210 1618 2249 1,

1594 2337 1615 2368 SC

1607 2401 1618 2426 1

1606 2460 1616 2485 a
