1618 2584
78 580 99 593 ,-

86 592 95 619 l

76 632 139 662 172

76 1788 139 1818 173

77 2357 124 2369 ...-

84 2366 94 2396 Α
106 2369 130 2397 lc)

144 207 229 247 340
554 206 603 239 IN
632 205 667 239 c,
689 205 891 239 VERREM
916 204 1019 239 Ac'r.
1047 206 1089 240 11.

142 303 242 345 Νο11
279 303 384 344 1111111
422 302 508 343 16111
546 302 727 355 furtum,
767 301 840 341 sed
877 303 1117 342 monstrum
1155 316 1204 343 ac
1241 300 1486 355 prodigium

143 362 370 403 videbatur
396 361 619 402 civitatum
652 360 915 400 frumentum
948 360 1203 413 improbare,
1236 374 1360 400 suum
1392 375 1487 414 pro-

143 422 264 475 bare,
297 435 390 462 cum
420 434 543 460 suum
575 419 822 473 probasset,
854 419 1039 472 pretium
1073 419 1111 458 ei
1141 419 1358 459 frumento
1392 433 1487 458 con-

145 482 353 533 stituere,
380 478 492 532 quod
531 477 845 530 constituisset,
882 477 924 517 id
965 492 989 517 a
1026 477 1274 518 civitatibus
1308 476 1486 530 auferre,

145 539 257 593 quod
291 554 314 578 a
346 538 506 591 populo
540 536 734 577 Romano
768 536 1021 589 accepisset,
1053 538 1209 576 tenere.
1506 548 1521 572 5

233 597 346 643 Quot
372 595 502 636 voltis
531 609 622 635 esse
652 595 696 635 in
727 609 811 636 uno
843 594 959 635 furto
993 597 1267 648 peccatorum
1300 594 1486 649 gradus?

144 659 203 709 ut,
231 656 265 695 31
288 654 469 709 singulis
496 654 694 694 insistere
722 654 862 706 velim,
889 653 1091 707 progredi
1116 653 1198 694 iste
1224 667 1312 694 11011
1337 653 1486 707 possit.

143 714 355 767 Inprobas
404 713 670 753 frumentum
718 710 970 754 Siculorum.
1039 711 1178 759 Quid?
1235 712 1326 765 ipse
1375 711 1487 765 quod

144 773 312 814 mittis?
344 772 604 826 peculiarem
637 771 770 811 habes
804 771 993 825 aliquam
1027 769 1234 824 Siciliam,
1268 785 1374 824 quae
1407 770 1487 810 tibi

144 847 194 873 ex
233 832 317 872 alio
357 845 510 885 genere
545 830 808 871 frumentum
842 830 1115 884 suppeditare
1148 829 1316 884 possit?
1379 827 1487 870 Cum
1509 841 1541 865 10
1591 846 1592 881 5

144 894 318 931 senatus
346 889 546 939 decernit,
577 892 626 929 ut
648 891 825 930 ,ematur
857 888 901 929 111
929 889 1073 929 sicilia
1104 888 1380 941 frumentum,
1414 890 1489 928 aut

144 964 238 990 611111
271 948 456 1003 11011111113
489 948 624 1001 iubet,
664 948 762 1001 hoc,
794 949 842 988 ut
875 948 1044 1001 opinor,
1075 947 1309 1001 intellegit,
1343 961 1391 987 ex
1424 945 1488 986 Si-

143 1008 243 1049 cilia
275 1006 464 1047 Siculum
501 1006 765 1048 frumentum
802 1006 1026 1060 apportari
1059 1008 1275 1060 oportere,
1312 1008 1359 1046 tu
1392 1020 1487 1046 cum
1591 997 1611 1038 Γ

144 1067 368 1108 civitatum
409 1064 578 1106 Siciliae
623 1066 753 1120 vulgo
800 1080 923 1105 omne
967 1065 1229 1105 frumentum
1271 1064 1488 1118 inprobas,

142 1141 246 1167 num
284 1140 334 1165 ex
360 1124 561 1180 Aegypto
601 1127 675 1166 aut
708 1124 831 1177 Syria
868 1124 1131 1164 frumentum
1164 1124 1347 1164 Romam
1386 1124 1487 1163 mis-
1509 1135 1541 1160 15

145 1200 268 1225 surus
296 1184 369 1225 es‘?
410 1183 622 1237 Inprobas
644 1183 936 1235 Halaesinum,
963 1183 1302 1235 Thermitanum,
1327 1181 1488 1236 Cepha-

144 1243 421 1296 loeditanum,
448 1243 802 1291 Amestrathmm,
833 1241 1185 1295 Tyndaritanum,
1218 1241 1489 1294 Herbitense,

144 1303 380 1343 multarum
418 1304 642 1355 praeterea
673 1301 915 1341 civitatum!
972 1300 1081 1348 Quid
1118 1300 1270 1341 accidit
1302 1300 1489 1353 tandem,

142 1364 191 1402 ut
234 1361 388 1401 horum
434 1361 691 1414 populorum
732 1360 825 1414 agri
862 1359 1125 1399 frumentum
1164 1360 1251 1399 eius
1292 1359 1407 1400 modi
1445 1361 1487 1399 te
1591 1407 1592 1412 ¹

143 1422 342 1475 praetore
386 1418 565 1471 ferrent,
612 1418 742 1472 [quod
784 1433 1017 1472 numquam
1057 1420 1219 1471 antea,]
1265 1420 1313 1458 ut
1352 1432 1487 1471 neque
1508 1430 1540 1453 20
1591 1440 1592 1460 l

143 1478 226 1519 tibi
250 1492 387 1531 neque
420 1478 579 1532 populo
608 1477 801 1517 Romano
835 1480 982 1531 posset
1014 1477 1200 1530 probari,
1232 1476 1488 1531 praesertim
1591 1470 1592 1479 ¹

144 1552 239 1578 cum
279 1551 327 1577 ex
366 1537 501 1577 isdem
538 1537 654 1590 agris
689 1536 876 1576 eiusdem
910 1536 1010 1576 anni
1041 1535 1305 1576 frumentum
1339 1550 1388 1576 ex
1421 1535 1487 1575 de-

144 1596 277 1637 cumis
310 1595 493 1636 Romam
532 1595 748 1648 mancipes
788 1595 1086 1635 advexissent‘?
1132 1594 1232 1648 quid
1265 1594 1488 1646 acciderat,

142 1658 191 1695 ut
223 1669 272 1695 ex
306 1654 454 1695 eodem
486 1654 640 1694 horreo
675 1654 954 1695 decumanum
986 1654 1260 1708 probaretur,
1295 1656 1487 1707 emptum

143 1712 478 1768 inprobaretur‘?
547 1713 791 1753 Dubiumne
837 1715 920 1766 est,
971 1712 1072 1766 quin
1117 1713 1202 1753 ista
1245 1712 1384 1754 01111113
1424 1712 1488 1752 111-
1508 1723 1541 1748 25

168 1772 368 1826 probatio
414 1772 629 1826 cogendae
668 1771 871 1825 pecuniae
910 1786 1038 1812 661136
1074 1774 1177 1812 nata
1216 1771 1301 1812 sit‘?
1368 1770 1488 1823 Esto,

143 1831 348 1885 inprobas
392 1830 691 1883 Halaesinum,
741 1830 873 1870 habes
919 1831 971 1871 ab
1018 1830 1101 1870 alio
1146 1830 1324 1884 populo,
1375 1829 1488 1883 quod

143 1890 318 1945 probes3
346 1903 437 1930 eme
457 1889 575 1942 illud,
605 1889 716 1942 quod
741 1889 893 1943 placet,
921 1889 1074 1929 missos
1100 1889 1167 1929 fac
1195 1903 1278 1943 eos,
1306 1903 1487 1942 quorum

142 1949 408 1989 frumentum
454 1948 707 2002 inprobasti.
783 1946 864 1988 Sed
908 1948 961 1988 ab
1005 1948 1074 2001 iis,
1126 1962 1232 2001 quos
1276 1947 1486 2002 repudias,

145 2008 280 2061 exigis
319 2009 489 2047 tantum
528 2007 749 2061 pecuniae,
792 2009 999 2060 quantum
1039 2006 1092 2047 ad
1130 2022 1225 2047 eum
1263 2021 1488 2047 numerum
1507 2017 1540 2042 30

143 2065 349 2107 frumenti
377 2066 482 2106 satis
511 2066 578 2119 sit,
612 2080 738 2119 quem
765 2066 803 2105 ei
835 2065 1001 2106 civitati
1032 2065 1218 2120 imperas
1252 2066 1487 2107 emendum.

144 2125 194 2165 In
242 2124 457 2165 medimna
501 2124 673 2179 singula
716 2124 838 2165 video
885 2139 933 2165 ex
978 2124 1135 2165 litteris
1180 2124 1362 2178 publicis
1406 2124 1487 2165 tibi

144 2184 402 2224 Halaesinos
440 2181 513 2223 HS
559 2183 710 2237 quinos
753 2183 882 2224 denos
922 2183 1098 2224 dedisse.
1165 2183 1398 2224 Ostendam
1438 2198 1486 2223 ex

144 2242 306 2282 tabulis
355 2242 794 2296 locupletissimorum
839 2244 1058 2283 aratorum
1103 2242 1250 2283 eodem
1294 2245 1486 2296 tempore

144 2301 358 2341 neminem
390 2301 435 2341 in
467 2300 612 2342 Sicilia
644 2301 780 2355 pluris
811 2301 1074 2342 frumentum
1106 2301 1355 2341 vendidisse.
1504 2309 1536 2336 35
1589 2307 1591 2310 ’

233 2359 349 2407 Quae
401 2362 466 2400 est
515 2374 617 2415 ergo
662 2360 747 2400 ista
790 2360 901 2400 ratio
947 2363 1021 2400 aut
1065 2374 1171 2413 (11166
1215 2360 1359 2413 potius
1394 2360 1486 2405 ⁴ista

146 2418 334 2458 amentia
378 2418 641 2459 frumentum
685 2419 915 2472 inprobare
958 2419 1017 2471 id,
1063 2419 1175 2471 quod
1217 2433 1265 2458 ex
1305 2433 1353 2459 eo
1392 2418 1485 2460 loco
