1618 2584
373 261 460 295 LIB.
482 262 513 295 ΙΙ
565 261 665 296 CAR
688 265 825 296 25—27
853 264 872 302 ξ
898 264 1046 295 61—67.
1294 260 1380 301 223

45 359 410 400 commemoraret.
477 356 542 397 Ex
587 357 663 398 illo
708 360 900 411 tempore
940 371 963 397 a
1004 356 1251 398 civitatibus
1290 357 1379 397 lau-

45 417 237 458 dationes
282 418 444 469 petere,
488 418 621 456 testes
665 431 751 457 non
796 416 934 457 solum
977 415 1189 456 deterrere
1226 415 1381 468 verbis,

45 475 117 516 sed
156 475 286 515 etiam
324 474 366 515 vi
399 474 583 515 retinere
616 475 767 528 coepit.
830 474 1036 523 Quodnisi
1068 488 1146 529 ego
1181 488 1275 514 meo
1310 474 1380 514 ad-

44 536 173 575 ventu
200 533 317 573 illius
347 536 525 574 conatus
559 533 828 587 aliquantum
861 533 1162 587 repressissem
1195 535 1238 573 et
1270 532 1381 586 apud

7 591 208 634 ⁵Siculos
252 606 338 633 non
375 591 559 643 Metelli,
605 592 677 632 sed
716 591 964 632 Glabrionis
1003 591 1161 632 litteris
1201 605 1249 632 ae
1286 592 1380 646 lege

42 665 321 706 pugnassem,
359 652 448 691 tam
487 651 647 691 multos
685 653 818 691 testes
856 651 939 692 huc
977 665 1152 692 evocare
1189 664 1275 691 non
1309 665 1380 704 po-

42 710 232 750 tuissem.
277 708 449 763 Verum,
483 709 594 763 quod
620 709 790 749 institui
817 709 966 762 dicere,
998 709 1193 750 miserias
1226 723 1379 764 cogno-

43 769 146 810 scite
174 768 398 809 sociorum.
447 767 672 808 Heraclius
698 768 772 808 ille
800 770 841 808 et
868 768 1091 822 Epicrates
1118 768 1247 823 longe
1274 768 1381 808 mihi

43 827 214 868 obviam
241 841 336 868 cum
361 826 448 867 suis
477 826 674 867 omnibus
700 829 1012 881 processerunt,
1044 827 1232 868 venienti
1259 825 1381 880 Syra-

0 898 23 923 .ο
42 900 164 927 cusas
191 888 372 941 egerunt
398 885 562 940 gratias
589 886 751 938 flentes,
780 885 961 926 Romam
989 900 1154 927 mecum
1181 886 1380 927 decedere

42 945 304 999 cupiverunt.
361 942 483 992 Quod
515 946 637 985 erant
670 944 825 998 oppida
857 944 964 984 mihi
996 945 1218 998 complura
1250 945 1381 986 etiam

41 1004 224 1058 reliqua,
262 1017 369 1057 quae
402 1003 518 1044 adire
550 1003 724 1055 vellem,
758 1002 961 1043 constitui
994 1018 1089 1044 cum
1122 1003 1380 1055 hominibus,

43 1077 125 1117 quo
174 1062 239 1103 die
286 1061 392 1103 mihi
439 1062 662 1103 Messanae
710 1064 882 1116 praesto
932 1064 1084 1103 essent.
1160 1061 1224 1102 Eo
1273 1062 1380 1103 milii

41 1121 239 1162 nuntium
265 1121 475 1161 miserunt
501 1135 545 1161 se
578 1136 602 1162 a
633 1123 832 1175 praetore
865 1121 1051 1161 retineri.
1102 1119 1265 1168 Quibus
1298 1135 1378 1175 ego

0 1192 22 1216 -5
42 1180 337 1222 testimonium
382 1180 647 1232 denuntiavi,
695 1194 875 1233 quorum
921 1180 1032 1220 edidi
1076 1179 1251 1220 nomina
1294 1179 1380 1220 Me-

40 1240 163 1292 tello,
207 1239 471 1293 cupidissimi
508 1238 726 1292 veniundi,
770 1238 967 1279 maximis
1005 1238 1172 1279 iniuriis
1212 1238 1380 1291 adfecti,

42 1298 179 1339 adhuc
215 1312 302 1339 non
339 1300 559 1338 venerunt.
621 1297 713 1338 Hoc
748 1297 838 1337 iure
872 1300 971 1337 sunt
1004 1298 1123 1351 socii,
1160 1299 1209 1338 ut
1241 1297 1293 1338 iis
1325 1312 1378 1338 ne

42 1357 264 1411 deplorare
298 1356 465 1410 quidem
499 1356 549 1397 de
582 1356 668 1397 suis
701 1356 981 1397 incommodis
1015 1356 1153 1397 liceat.

129 1415 223 1457 Iam
260 1415 450 1457 Heraclii
489 1414 774 1469 Centuripini,
820 1415 986 1468 optumi
1022 1415 1379 1469 nobilissumique
1407 1425 1449 1455 66

0 1485 23 1511 20
43 1475 344 1527 adulescentis,
382 1475 678 1515 testimonium
718 1474 916 1527 audistis,
955 1489 979 1515 a
1018 1489 1101 1528 quo
1135 1473 1206 1514 HS
1238 1476 1272 1516 'C'
1305 1489 1380 1528 per

43 1533 302 1574 calumniam
328 1533 623 1586 malitiamque
650 1533 787 1587 petita
814 1536 924 1573 sunt.
974 1532 1062 1573 Iste
1088 1533 1238 1588 poenis
1269 1547 1379 1574 com-

43 1592 350 1646 promissisque
372 1592 639 1646 interpositis
661 1590 732 1632 HS
746 1593 863 1634 “GC—cs:
883 1592 1174 1646 extorquenda
1200 1592 1379 1645 curavit,

44 1650 239 1704 quodque
258 1650 458 1691 iudicium
479 1651 709 1692 secundum
728 1650 977 1693 Heraclium
999 1651 1048 1691 de
1070 1651 1379 1705 compromisso

42 1709 204 1750 factum
244 1712 354 1763 erat,
392 1724 487 1751 cum
525 1710 627 1750 civis
664 1709 966 1764 Centuripinus
1002 1709 1114 1750 inter
1153 1710 1234 1750 duo
1274 1709 1379 1751 civis

1 1779 22 1804 b
43 1768 327 1821 diiudicasset,
352 1768 395 1809 id
421 1768 591 1809 irritum
617 1769 744 1809 iussit
771 1784 862 1810 esse
889 1783 1068 1822 eumque
1094 1768 1276 1809 iudicem
1302 1768 1379 1809 fal-

0 1823 1 1830 *
42 1841 135 1868 sum
167 1827 376 1868 iudicasse
408 1827 628 1881 iudicavit,
661 1827 705 1868 in
737 1831 888 1869 senatu
921 1841 1023 1879 esse,
1056 1827 1161 1868 locis
1196 1842 1379 1869 commo-

42 1886 189 1940 disque
210 1886 392 1939 publicis
419 1886 482 1926 uti
508 1886 661 1940 vetuit,
688 1886 723 1927 si
750 1887 844 1941 quis
872 1901 968 1928 eum
994 1886 1221 1940 pulsasset,
1248 1886 1380 1927 edixit

42 1959 133 1986 sese
171 1945 373 1986 iudicium
410 1945 664 1986 iniuriarum
702 1960 788 1986 non
827 1946 1046 1998 daturum3
1085 1945 1286 1999 quicquid
1325 1946 1378 1986 ab

42 2018 90 2045 eo
130 2006 362 2058 peteretur,
402 2004 583 2045 iudicem
623 2004 672 2045 de
711 2019 788 2046 sua
826 2005 1002 2046 cohorte
1041 2004 1259 2057 daturum,
1296 2003 1379 2057 ipsi

43 2065 185 2103 autem
211 2063 370 2103 nullius
398 2063 609 2104 actionem
636 2063 697 2104 rei
724 2078 814 2104 sese
843 2063 1053 2104 daturum.
1105 2062 1220 2111 Quae
1252 2063 1378 2104 istius
1406 2072 1446 2102 (32

0 2155 2 2160 ,
43 2121 276 2162 auctoritas
326 2124 496 2163 tantum
539 2122 695 2175 valuit,
745 2125 792 2163 ut
834 2137 971 2176 neque
1016 2122 1140 2162 illum
1184 2122 1379 2176 pulsaret

43 2180 284 2234 quisquam,
324 2195 419 2222 cum
457 2183 631 2234 praetor
667 2181 712 2221 in
748 2181 969 2235 provincia
1008 2195 1084 2221 sua
1122 2180 1253 2221 verbo
1285 2195 1379 2235 per-

0 2254 5 2283 ι
42 2239 251 2293 mitteret,
289 2254 334 2281 re
366 2240 632 2292 hortaretur,
668 2254 805 2293 neque
838 2240 1063 2294 quisquam
1097 2239 1150 2280 ab
1183 2253 1231 2280 eo
1266 2239 1380 2293 quic-

0 2314 7 2342 ι
44 2310 170 2351 quam
202 2301 384 2352 peteret,
418 2313 512 2340 cum
544 2298 626 2339 iste
656 2299 893 2339 calumniae
926 2298 1143 2339 licentiam
1176 2312 1253 2339 sua
1285 2312 1380 2339 auc-

0 2372 8 2398 1
43 2356 218 2398 toritate
249 2358 525 2410 ostendisset3
556 2357 795 2412 ignominia
828 2360 972 2398 autem
1003 2357 1080 2398 illa
1113 2357 1257 2413 gravis
1288 2359 1379 2398 tam

0 2428 8 2457 ι
44 2413 114 2455 diu
138 2415 183 2456 in
207 2416 284 2457 illo
310 2417 482 2458 homine
509 2416 678 2469 mansit,
712 2431 839 2470 quam
869 2416 939 2456 diu
970 2416 1053 2457 iste
1086 2416 1129 2456 in
1159 2416 1380 2471 provincia

2 2471 134 2514 isuit.
194 2473 288 2516 Hoc
331 2476 486 2518 iniecto
531 2478 647 2516 metu
685 2475 894 2516 iudicibus
931 2489 1042 2516 novo
1082 2489 1216 2530 more,
1258 2475 1379 2516 nullo

1395 690 1447 731 527

1407 743 1450 773 65
