1618 2584
403 38 455 72 IN
481 38 520 80 Q.
543 37 806 74 CAECILIUM
832 38 1098 74 DIVINATIO.
1361 40 1416 81 99

84 135 352 187 dissolveret,
395 134 605 189 siquidem
645 135 735 176 sine
773 135 968 177 cautione
1007 137 1049 176 et
1086 135 1418 190 repromissione

82 193 217 236 nihilo
261 192 400 234 minus
444 193 488 234 id
528 192 715 235 Fannius
759 193 973 248 societati,
1022 194 1104 236 hoc
1145 196 1211 236 est
1250 194 1418 247 Roscio,

85 251 288 294 debebat?

444 311 631 362 [Amissa
661 313 757 351 sunt
785 323 867 352 non
895 312 1057 364 pauca]

428 639 491 686 M.
526 639 714 686 TULLI
752 639 1080 687 CICERONIS

164 748 255 803 IN
304 746 930 815 Q.OAEOIL1UM
980 748 1343 816 ORATIO,

358 859 516 910 QUAE
549 859 858 902 DIVINATIO
890 859 1143 903 DICITUR.

263 1050 754 1090 PSEUDO-ASCONI
790 1051 1237 1090 ARGUMENTUM.

176 1127 238 1163 Cn.
250 1127 427 1173 Pompeio
446 1128 607 1174 primum
624 1130 661 1163 et
675 1128 724 1163 M.
737 1128 867 1163 Crasso
884 1139 975 1164 coss.
1009 1127 1046 1164 C.
1056 1129 1188 1164 Verres
1206 1129 1420 1174 perfunctus

81 1177 290 1220 quaestura,
316 1175 516 1221 legatione,
541 1178 717 1221 praetura
740 1176 892 1219 urbana,
918 1177 1023 1220 patre
1051 1175 1088 1210 O.
1109 1175 1224 1211 Verre
1251 1178 1288 1211 et
1314 1188 1419 1222 prae-

79 1224 222 1258 textato
242 1223 318 1257 filio
340 1225 378 1257 et
402 1223 480 1258 filia
503 1225 630 1268 nupta,
655 1234 807 1257 uxorem
832 1223 984 1265 habens,
1010 1234 1094 1258 cum
1120 1224 1358 1259 successisset
1381 1224 1421 1258 in

82 1270 209 1305 Sicilia
222 1269 258 1305 C.
272 1269 463 1305 Sacerdoti
477 1270 642 1315 praetori
657 1281 811 1314 eamque
826 1281 902 1305 non
915 1270 987 1304 sibi
1003 1271 1220 1306 succedente
1230 1271 1337 1305 Arrio
1354 1283 1420 1316 per

79 1317 280 1352 triennium
298 1317 480 1352 tenuisset
499 1318 609 1361 atque
629 1317 668 1352 in
687 1328 732 1352 ea
748 1317 881 1352 fuisset
899 1317 1108 1360 libidinose,
1129 1329 1239 1353 avare
1264 1318 1419 1353 crudeli-

79 1367 207 1409 terque
226 1366 407 1408 versatus,
434 1365 652 1399 succedente
671 1364 823 1399 tandem
842 1364 882 1398 in
901 1365 1032 1399 eadem
1056 1365 1249 1410 provincia
1266 1365 1419 1400 Metello

79 1412 368 1457 repetundarum
386 1422 470 1446 reus
490 1412 536 1446 ab
558 1411 690 1446 Siculis
709 1412 920 1456 postulatus
941 1414 1012 1455 est3
1040 1412 1103 1456 qui
1122 1423 1248 1447 omnes
1270 1414 1420 1457 praeter

81 1459 331 1504 Syracusanos
359 1470 400 1493 ac
419 1459 660 1494 Mamertinos
684 1459 734 1493 M.
755 1459 918 1493 Tullium
942 1459 1008 1493 fllo
1033 1461 1199 1504 tempore
1224 1459 1419 1494 florentem

81 1506 355 1541 defensionibus
371 1506 574 1541 amicorum
588 1506 635 1540 ad
654 1506 901 1541 accusandum
920 1506 1141 1541 descendere
1162 1507 1420 1552 compulerunt

78 1553 155 1588 iam
190 1552 335 1598 pridem
366 1553 440 1587 illis
470 1553 741 1588 necessitudine
773 1554 1004 1598 copulatum,
1043 1554 1142 1597 quod
1173 1556 1350 1598 quaestor
1380 1554 1420 1588 in

80 1599 208 1635 Sicilia
247 1600 379 1635 fuisset
416 1600 496 1635 Sex.
529 1600 721 1635 Peducaeo
759 1601 797 1635 et
839 1600 953 1644 quod,
999 1612 1082 1635 cum
1126 1601 1335 1645 decederet,
1379 1600 1419 1635 in

78 1647 145 1682 illa
176 1647 360 1691 oratione,
398 1659 510 1691 quam
539 1647 707 1692 Lilybaei
739 1647 888 1690 habuit,
923 1647 1042 1682 multa
1071 1648 1116 1682 iis
1150 1648 1310 1693 benigne
1334 1659 1418 1693 pro-

77 1694 250 1729 misisset.
294 1695 461 1729 Accessit
490 1693 549 1729 his
580 1706 655 1729 non
679 1694 855 1739 ignobilis
877 1694 1005 1729 futura
1028 1694 1112 1729 ideo
1139 1695 1184 1730 de
1203 1695 1318 1730 Verre
1343 1695 1418 1730 vic-

77 1741 192 1786 toria,
229 1741 317 1786 quia
348 1753 371 1776 a
400 1742 578 1785 Metellis,
619 1742 852 1786 Scipionibus
885 1743 922 1776 et
955 1742 1083 1776 multis
1117 1742 1199 1777 aliis
1230 1742 1418 1777 nobilibus

77 1788 167 1824 viris
203 1791 241 1824 et
270 1789 469 1834 praecipue
502 1789 548 1824 ab
580 1788 780 1824 Hortensio
811 1789 893 1834 ipso
926 1789 1199 1833 defenderetur,
1238 1789 1349 1824 facile
1382 1791 1419 1824 et

77 1835 244 1882 principe
274 1837 315 1870 in
345 1838 476 1871 senatu
500 1836 913 1881 propternobilitatem
939 1838 976 1871 et
999 1836 1040 1870 in
1063 1836 1144 1871 foro
1172 1837 1218 1871 ob
1245 1837 1418 1881 eloquen-

77 1883 171 1918 tiam
200 1894 288 1928 rege
320 1894 514 1918 causarum
546 1885 583 1918 et
614 1884 744 1918 eodem
773 1883 922 1918 consule
949 1883 1144 1929 designato
1171 1895 1254 1918 cum
1281 1883 1418 1926 (11118-

77 1931 185 1974 tello,
228 1930 344 1965 fratre
381 1930 633 1974 Metellorum,
678 1930 829 1965 alterius
866 1931 1049 1975 praetoris
1088 1931 1220 1973 Siculi,
1265 1931 1418 1965 alterius

77 1977 259 2023 praetoris
284 1978 427 2013 urbani.
472 1977 541 2012 His
559 1977 616 2012 ita
634 1977 845 2012 constitutis
866 1977 1010 2012 exstitit
1030 1977 1069 2020 Q
1085 1959 1267 2012 Caecilius
1290 1977 1417 2023 Niger,

79 2024 189 2060 domo
215 2024 376 2069 Siculus,
409 2026 447 2060 et
472 2026 646 2069 quaestor
664 2024 790 2059 Verris
816 2026 854 2059 et
879 2025 1060 2069 eiusdem,
1086 2027 1129 2059 ut
1152 2025 1232 2070 ipse
1258 2025 1418 2069 dicebat,

77 2071 259 2116 immicus,
286 2072 350 2116 qui
369 2083 407 2107 se
426 2072 552 2118 potius
572 2073 823 2107 accusatorem
844 2072 1085 2107 contenderet
1110 2072 1287 2107 constitui
1313 2083 1419 2118 opor-

77 2119 156 2155 tere
179 2120 247 2154 has
273 2119 429 2154 afferens
455 2130 601 2163 causas,
637 2130 765 2162 unam,
798 2119 897 2163 quod
921 2119 967 2154 ab
995 2130 1038 2154 eo
1062 2119 1185 2154 laesus
1213 2120 1250 2154 et
1276 2119 1322 2154 ob
1349 2119 1420 2154 hoc

77 2165 156 2201 iure
173 2166 231 2201 ffli·
250 2166 298 2201 sit
318 2166 501 2210 immicus,
528 2178 641 2211 quare
665 2166 943 2211 praevaricator
968 2177 1047 2201 esse
1071 2178 1147 2202 non
1170 2167 1301 2212 possit,
1328 2167 1419 2201 alte-

78 2224 173 2258 ram,
206 2214 320 2258 quod,
353 2226 436 2249 cum
468 2216 643 2258 quaestor
674 2213 709 2248 ei
732 2215 812 2248 tum
838 2213 965 2258 fuerit,
998 2213 1112 2248 etiam
1137 2214 1217 2258 ipse
1242 2214 1282 2248 in
1307 2225 1418 2258 quae-

80 2261 183 2295 stura
209 2261 363 2296 crimina
386 2261 533 2297 noverit
550 2260 688 2305 Verris,
713 2261 875 2305 tertiam,
901 2261 1000 2305 quod
1026 2261 1171 2296 Siculus
1196 2272 1264 2306 pro
1285 2260 1418 2296 Siculis

1089 2321 1135 2355 7*
