1618 2584
389 214 477 250 LIB.
505 216 556 250 111
601 214 703 250 CAP.
730 219 868 251 55—57
895 220 914 259 ς
943 220 1137 252 128—132
1349 219 1434 261 323

97 310 239 352 buissc
272 310 539 353 decumanos.
595 310 694 353 Non
726 312 807 354 hoc
838 327 950 354 nunc
980 313 1169 379 primum
1202 314 1321 355 audit
1353 315 1435 370 pri·
1451 319 1504 361 57

99 372 219 411 vatus
258 368 308 410 de
345 369 536 425 inimico,
574 385 671 412 reus
710 371 764 412 ab
804 374 1068 426 36611831016,
1105 372 1192 413 13111
1231 376 1359 414 311163
1392 374 1437 414 111

96 428 203 468 sella
222 427 373 469 sedens
393 432 579 483 praetor,
600 444 695 471 cum
715 430 981 484 provinciam
999 429 1189 472 Siciliam
1211 432 1437 486 optineret,

96 501 192 528 611111
230 487 284 528 ab
323 488 521 529 omnibus
558 503 645 529 non
682 489 840 543 solum,
878 489 920 530 id
959 490 1071 544 quod
1104 505 1326 532 commune
1359 494 1436 543 est,

61 547 273 600 5propter
315 546 561 601 imperium,
607 546 679 588 sed
724 548 872 602 etiam,
916 548 959 589 id
1004 549 1117 602 quod
1153 549 1278 590 istius
1317 564 1435 603 prae-

95 604 267 657 cipuum
299 608 381 658 est,
413 608 590 660 propter
621 605 920 647 crudelitatem
953 610 1232 662 metueretur,
1265 608 1435 649 miliens

95 663 269 718 audivit,
296 678 391 705 cum
412 664 501 705 eius
523 664 712 705 animum
740 665 792 705 ad
817 666 1157 720 persequendum
1182 682 1269 708 11011
1293 668 1436 723 negle-

95 722 241 778 gentia
278 722 487 777 1311131·,61
526 723 600 764 8611
639 723 898 765 6011861611113
937 725 1108 766 sceleris
1144 725 1435 781 avaiitiaeque

96 795 196 822 suae
234 780 480 822 refrenaret
536 781 844 836 Loquebantur
882 783 993 824 enim
1033 784 1255 826 decumani
1289 785 1435 840 palam

43 850 75 876 10
95 842 137 881 61
170 843 342 894 praeter
373 842 537 882 ceteros
570 841 625 895 is,
665 840 737 895 qui
769 842 882 896 apud
913 842 1045 883 istum
1077 843 1312 897 plurimum
1343 846 1435 898 pot-

94 901 186 940 erat
224 898 518 953 maximosque
557 914 685 955 agros
722 901 1030 955 populabatur,
1069 902 1306 957 Apronius,
1344 918 1435 957 per-

92 972 274 1012 parvum
312 972 362 999 ex
397 958 484 999 illis
517 959 686 1014 magnis
718 959 849 1000 lucris
883 960 934 1000 ad
968 974 1012 1001 86
1044 961 1284 1014 pervenire,
1316 976 1435 1016 prae-

93 1019 231 1058 torem
270 1031 361 1058 esse
395 1017 569 1059 socium.
630 1016 724 1059 Hoc
757 1032 852 1059 611111
884 1019 1029 1072 palam
1063 1019 1285 1061 decumani
1317 1023 1411 1062 tota
1439 1030 1504 1060 131

93 1075 314 1129 provincia
340 1076 618 1131 loquerentur
643 1079 848 1130 tuumque
875 1092 1032 1118 nomen
1057 1078 1102 1118 in
1127 1093 1172 1119 re
1198 1081 1289 1120 tam
1318 1080 1436 1133 turpi

41 1145 74 1170 15
92 1133 342 1189 nefariaque
367 1135 702 1190 interponerent,
734 1136 898 1177 nihilne
925 1136 1006 1177 tibi
1032 1137 1150 1177 venit
1176 1137 1221 1178 in
1246 1141 1434 1179 mentem

93 1193 402 1236 existimationi
438 1196 538 1235 tuae
576 1195 814 1248 consulere,
852 1195 960 1236 nihil
1001 1195 1180 1250 denique
1219 1197 1352 1251 capiti
1387 1212 1434 1239 ac

91 1252 277 1294 fortunis
320 1253 406 1294 tuis
450 1253 704 1308 providere?
751 1268 845 1294 cum
887 1254 951 1294 tui
987 1254 1174 1295 nominis
1213 1258 1353 1296 terror
1390 1256 1435 1297 111

93 1312 266 1353 auribus
293 1312 533 1366 animisque
560 1315 779 1354 aratorum
806 1315 1062 1367 versaretur,
1089 1328 1185 1354 cum
1212 1314 1435 1355 decumani

93 1371 336 1412 aratoribus
370 1371 422 1412 ad
453 1372 674 1426 pactiones
706 1371 923 1413 faciendas
955 1386 1042 1413 non
1074 1387 1197 1414 suam
1228 1374 1328 1427 vim,
1362 1374 1435 1414 sed

39 1439 73 1464 20
92 1432 214 1471 tuum
249 1431 387 1472 scelus
421 1445 469 1472 ac
499 1445 657 1472 110111611
689 1433 966 1485 opponerent.
1021 1430 1200 1486 Ecquod
1230 1432 1434 1473 iudicium

92 1488 255 1530 Romae
304 1492 395 1530 tam
439 1489 713 1543 dissolutum,
763 1493 854 1530 tam
898 1489 1129 1543 perditum,
1179 1493 1271 1531 tam
1314 1505 1434 1532 num-

93 1548 276 1589 marium
301 1547 394 1589 fore
420 1548 596 1603 putasti,
629 1563 712 1602 quo
740 1563 789 1589 ex
815 1548 970 1590 iudicio
1000 1551 1043 1590 te
1074 1549 1166 1590 ulla
1192 1548 1317 1590 Salus
1351 1564 1434 1591 ser-

92 1622 193 1647 vare
219 1607 394 1661 posset?
428 1621 524 1648 cum
550 1608 726 1661 planum
755 1607 878 1648 fieret
910 1607 1096 1649 decumis
1130 1610 1280 1649 contra
1312 1608 1434 1650 insti-

91 1668 205 1719 tuta,
258 1666 376 1721 leges
426 1666 860 1720 consuetudinemque
912 1666 1101 1708 omnium
1153 1667 1336 1708 venditis
1389 1667 1435 1708 in

40 1735 73 1760 25
93 1728 313 1766 aratorum
333 1725 457 1766 bonis
477 1725 747 1779 fortunisque
769 1725 1017 1779 diripiendis
1039 1725 1294 1767 decumanos
1316 1726 1434 1767 dicti-

91 1786 207 1825 tasse
226 1786 324 1825 tuas
345 1798 436 1825 esse
462 1787 620 1839 partes,
645 1786 766 1825 tuam
791 1798 894 1838 rem,
920 1787 1040 1825 tuam
1066 1785 1281 1839 praedam,
1307 1785 1434 1839 idque

91 1846 134 1884 te
168 1843 354 1885 tacuisse
387 1845 445 1897 et,
484 1857 579 1885 cum
615 1843 885 1884 dissimulare
917 1858 1002 1884 non
1034 1858 1202 1898 posses,
1240 1844 1434 1898 potuisse

91 1904 237 1943 tamen
274 1902 442 1957 perpeti
473 1904 515 1943 et
547 1902 752 1957 perferre,
792 1902 905 1956 quod
936 1903 1189 1958 magnitudo
1223 1903 1331 1944 lucri
1363 1903 1435 1944 ob-

93 1963 284 2003 scuraret
304 1961 482 2027 periculi
501 1961 845 2016 magnitudinem
865 1962 1047 2016 plusque
1071 1962 1294 2016 aliquanto
1322 1962 1435 2017 apud

41 2022 135 2062 3016
167 2020 370 2074 pecuniae
403 2020 614 2075 cupiditas
648 2035 776 2074 quam
808 2020 953 2062 iudicii
985 2023 1125 2062 metus
1157 2023 1316 2074 posset.

180 2079 306 2133 Esto,
345 2081 486 2120 cetera
522 2093 681 2134 negare
718 2093 805 2120 non
837 2082 976 2133 potes:
1015 2094 1068 2120 ne
1099 2080 1206 2120 illud
1240 2079 1410 2134 quidem
1439 2093 1504 2124 132

92 2137 173 2179 tibi
210 2138 423 2193 reliquum
460 2137 619 2191 fecisti,
660 2140 708 2178 ut
745 2138 826 2179 hoc
863 2153 1012 2193 posses
1053 2138 1207 2192 dicere,
1245 2138 1353 2179 nihil
1391 2141 1470 2179 16

93 2211 240 2238 eorum
281 2197 467 2251 audisse,
510 2171 619 2238 nihil
664 2197 716 2238 ad
757 2199 854 2238 tuas
894 2212 1016 2238 aures
1056 2197 1106 2238 de
1142 2197 1322 2238 infamia
1359 2199 1434 2238 tua

91 2256 364 2310 pervenisse?
404 2255 701 2304 Querebantur
722 2270 817 2297 cum
837 2256 956 2297 luctu
976 2259 1020 2297 et
1040 2256 1203 2311 gemitu
1224 2258 1434 2308 aratores3

39 2317 140 2355 35111
175 2314 220 2356 id
255 2315 504 2357 nesciebas?
566 2314 796 2356 Fremebat
832 2317 926 2356 tota
958 2315 1197 2369 provincia,
1233 2329 1358 2356 nemo
1391 2315 1434 2355 id

92 2373 174 2414 tibi
198 2373 504 2415 renuntiabat?
555 2373 718 2415 Romae
744 2374 1035 2428 querimoniae
1065 2374 1115 2415 de
1147 2374 1234 2415 tuis
1266 2373 1433 2414 iniuriis

93 2435 410 2488 conventusque
430 2433 721 2487 habebantur,
749 2432 1000 2488 [ignorabas
1021 2432 1172 2485 haec?]
1200 2433 1433 2488 ignorabas

1076 2500 1149 2535 21*
