1618 2584
25 868 58 892 10

25 1161 57 1185 15

23 1453 56 1478 20

376 232 464 268 LIB.
485 233 538 267 ΙΙΙ
582 233 680 268 CAP.
702 237 840 268 43—45
867 237 885 275 ἓ
914 237 1096 268 102-107
1331 235 1410 275 311

78 329 394 372 recentissimus
422 331 487 370 est
514 331 556 370 et
583 329 636 370 ab
663 330 747 370 isto
773 329 835 370 ita
862 329 1199 383 administratus,
1230 332 1289 383 ut,
1322 345 1412 372 cum

79 404 122 430 se
144 391 256 430 certe
277 388 547 429 decessurum
571 388 746 441 videret,
771 402 857 429 non
883 388 1113 441 laboraret,
1140 388 1176 429 si
1202 391 1415 430 aratorem

77 448 121 489 in
153 445 297 488 Sicilia
332 447 499 488 nullum
533 447 705 488 omnino
728 449 852 504 ‘esset
884 446 1122 488 relicturus.
1172 446 1282 502 Agri
1313 447 1415 489 Aet-

77 506 220 547 nensis
242 508 285 546 et
304 505 505 547 Leontini
532 506 728 546 decumas
756 519 945 560 agemus.
983 505 1219 559 Attendite,
1244 506 1416 560 iudices,

79 565 318 619 diligenter.
360 564 470 619 Agri
492 566 591 604 sunt
610 563 784 617 feraces,
811 578 946 604 annus
966 564 1132 618 tertius,
1159 564 1416 606 decumanus

77 623 305 676 Apronius.
361 623 426 664 De
446 622 736 663 Aetnensibus
762 636 977 676 perpauca
1009 623 1164 677 dieam3
1197 623 1393 664 dixerunt
1423 630 1485 660 105

77 682 190 723 enim
237 681 321 735 ipsi
363 682 506 736 priore
551 680 717 722 actione
762 681 942 734 publice.
1009 680 1218 723 Memoria
1260 682 1417 723 tenetis

77 740 400 781 Artemidorum
432 740 710 792 Aetnensem,
745 739 976 793 legationis
1012 740 1136 792 [eius]
1170 741 1417 795 principem.

76 799 245 854 publice
269 799 405 840 dicere
426 798 666 852 Apronium
692 797 859 838 venisse
880 798 1067 839 Aetnam
1093 813 1189 840 cum
1203 799 1418 853 Veneriis3

78 872 251 899 vocasse
297 857 350 898 ad
389 872 431 897 se
472 857 771 911 magistratus,
814 856 1067 910 imperasse,
1111 860 1160 898 ut
1197 858 1242 898 in
1278 858 1417 899 medio

76 917 170 957 foro
210 916 292 957 sibi
330 916 431 956 lecti
463 918 773 969 sternerentur,
812 915 966 956 cotidie
1001 916 1176 956 solitum
1209 931 1301 958 esse
1332 932 1418 958 non

76 975 202 1016 modo
229 975 274 1015 in
299 975 484 1029 publico,
518 974 591 1015 sed
617 975 748 1015 etiam
775 973 824 1015 de
854 974 1026 1028 publico
1053 975 1288 1029 convivari,
1323 991 1418 1017 cum

76 1034 120 1074 in
166 1034 226 1075 eis
270 1033 476 1074 conviviis
522 1033 781 1087 symphonia
819 1035 990 1074 caneret
1028 1033 1310 1088 maximisque
1347 1049 1419 1088 po—

77 1093 183 1134 culis
204 1092 535 1146 ministraretur,
562 1091 910 1132 retinerisolitos
938 1106 1029 1133 esse
1057 1094 1263 1146 aratores,
1290 1095 1418 1147 atque

78 1151 130 1192 ab
165 1151 224 1192 eis
255 1165 343 1192 non
374 1151 501 1192 modo
534 1165 610 1204 per
641 1150 860 1203 iniuriam,
897 1150 970 1191 sed
1002 1151 1133 1191 etiam
1165 1166 1242 1206 per
1274 1156 1419 1193 contu-

76 1210 250 1251 meliam
281 1212 453 1251 tantum
486 1209 666 1262 exprimi
696 1208 920 1262 frumenti,
949 1212 1167 1263 quantum
1199 1209 1417 1264 Apronius

75 1267 342 1323 imperasset.
404 1267 599 1309 Audistis
637 1267 759 1321 haec,
803 1268 981 1321 iudices,
1020 1283 1126 1321 quae
1164 1283 1276 1310 nunc
1315 1283 1393 1324 ego
1424 1273 1488 1304 106

77 1327 221 1368 omnia
244 1329 467 1381 praetereo
495 1329 538 1367 et
568 1326 776 1380 relinquo.
827 1325 948 1367 Nihil
982 1326 1031 1367 de
1064 1327 1233 1368 luxuria
1252 1326 1419 1382 Aproni

76 1385 246 1439 loquor,
277 1386 386 1426 nihil
417 1385 466 1426 de
498 1385 747 1439 insolentia,
778 1384 887 1425 nihil
921 1385 970 1425 de
1002 1386 1213 1439 permissa
1247 1386 1300 1426 ab
1334 1386 1417 1427 isto

77 1444 268 1498 licentia,
310 1444 419 1484 nihil
465 1444 514 1485 de
559 1443 769 1498 singulari
812 1443 1004 1497 nequitia
1050 1459 1097 1485 ac
1136 1445 1419 1498 turpitudine3

75 1505 247 1544 tantum
268 1502 317 1543 de
345 1505 525 1556 quaestu
553 1517 601 1543 ac
633 1502 752 1543 lucro
781 1502 918 1543 dicam
944 1502 1069 1543 unius
1098 1503 1198 1543 anni
1225 1506 1268 1543 et
1294 1503 1418 1544 unius

77 1562 188 1616 agri,
227 1576 309 1615 quo
347 1561 517 1602 facilius
555 1575 633 1601 vos
672 1560 960 1602 coniecturam
994 1560 1043 1601 de
1075 1561 1259 1602 triennio
1294 1565 1336 1602 et
1369 1562 1418 1602 de

75 1622 170 1661 tota
190 1618 336 1661 Sicilia
354 1619 493 1661 facere
514 1619 702 1672 possitis.
748 1618 829 1660 Sed
849 1619 955 1659 mihi
970 1618 1252 1660 Aetnensium
1276 1620 1417 1661 brevis

77 1681 142 1720 est
178 1678 308 1732 ratio,
353 1679 438 1732 ipsi
476 1678 590 1719 enim
626 1680 853 1731 venerunt,
893 1678 978 1732 ipsi
1015 1678 1210 1732 publicas
1248 1679 1417 1720 litteras

42 1747 56 1771 5
78 1737 429 1792 deportaverunt3
457 1737 690 1778 docuerunt
710 1750 796 1789 vos,
824 1736 926 1790 quid
945 1737 1089 1777 lucelli
1113 1737 1265 1778 fecerit
1289 1737 1418 1779 homo

76 1810 163 1837 non
177 1796 329 1850 malus,
349 1795 578 1837 familiaris
592 1795 817 1849 praetoris,
832 1794 1062 1848 Apronius.
1095 1795 1155 1849 Id,
1177 1811 1348 1850 quaeso,
1369 1811 1419 1838 ex
1472 1804 1478 1809 ”

75 1855 268 1909 ipsorum
282 1854 533 1896 testimonio
548 1854 806 1909 cognoscite.
828 1853 982 1895 Recita.
1011 1851 1050 1891 T
1048 1857 1114 1891 ΕΒ
1119 1857 1178 1891 TI
1182 1858 1228 1891 M
1232 1851 1332 1891 ONI
1340 1859 1373 1892 U
1374 1859 1422 1892 M

77 1913 471 1955 AETNENSIUM.
510 1912 620 1961 Quid
641 1912 731 1953 ais‘?
776 1911 868 1965 Dic,
889 1912 967 1965 dic,
989 1926 1159 1966 quaeso,
1180 1912 1348 1966 clarius,
1369 1916 1417 1954 ut
1432 1917 1489 1957 45>

76 1971 260 2026 populus
295 1971 515 2013 Romanus
556 1972 605 2012 de
645 1971 731 2012 suis
770 1971 1074 2026 vectigalibus,
1112 1971 1162 2012 de
1200 1971 1290 2012 suis
1330 1987 1419 2013 ara-

24 2039 58 2065 20
76 2030 262 2084 toribus,
302 2030 352 2071 de
392 2030 479 2071 suis
519 2030 645 2071 sociis
678 2033 807 2084 atque
840 2030 987 2071 amicis
1021 2030 1178 2071 audiat.
1234 2043 1261 2071 L
1295 2043 1420 2085 MED.,

75 2087 147 2128 HS
174 2089 213 2130 i.
263 2088 344 2129 Per
371 2089 471 2130 deos
496 2089 784 2130 immortales!
816 2103 924 2129 unus
954 2103 1056 2144 ager
1081 2103 1166 2129 uno
1195 2104 1305 2131 anno
1338 2092 1420 2130 tre-

76 2149 200 2189 centa
238 2147 360 2188 milia
397 2147 508 2189 mod.
540 2147 675 2188 tritici
714 2149 756 2188 et
786 2150 1010 2201 praeterea
1041 2147 1113 2188 HS
1145 2148 1173 2189 ἶ,
1205 2148 1313 2190 lucri
1347 2148 1419 2189 dat

76 2205 289 2260 Apronio!
346 2206 541 2247 Tantone
573 2206 751 2247 minoris
785 2206 985 2247 decumae
1017 2206 1258 2261 venierunt,
1291 2221 1417 2261 quam

75 2263 268 2319 fuerunt,
307 2280 378 2319 an,
417 2280 513 2306 cum
552 2264 658 2305 satis
697 2278 855 2319 magno
893 2264 1129 2318 venissent,
1167 2265 1236 2307 hic
1271 2267 1417 2306 tantus

24 2331 58 2358 85
77 2324 221 2364 tamen
264 2322 472 2365 frumenti
515 2323 802 2377 pecuniaeque
839 2337 1042 2364 numerus
1082 2324 1134 2364 ab
1174 2324 1418 2365 aratoribus

76 2395 151 2434 per
176 2382 265 2423 vim
298 2382 469 2423 ablatus
503 2382 597 2423 est?
653 2381 810 2422 Utrum
844 2382 957 2422 enim
988 2382 1142 2423 horum
1175 2383 1343 2437 dixeris,
1373 2383 1420 2424 in

77 2453 125 2480 eo
152 2440 278 2494 culpa
306 2443 348 2482 et
374 2441 535 2482 crimen
561 2440 770 2482 haerebit.
826 2439 938 2482 Nam
964 2440 1072 2482 illud
1105 2441 1276 2496 quidem
1307 2456 1395 2484 non
1422 2450 1487 2481 107
