<?xml version="1.0" encoding="UTF-8"?>
<!DOCTYPE html PUBLIC "-//W3C//DTD XHTML 1.0 Transitional//EN"
    "http://www.w3.org/TR/xhtml1/DTD/xhtml1-transitional.dtd">
<html xmlns="http://www.w3.org/1999/xhtml" xml:lang="en" lang="en">
 <head>
  <title>
</title>
<meta http-equiv="Content-Type" content="text/html;charset=utf-8" />
  <meta name='ocr-system' content='tesseract 3.04.00' />
  <meta name='ocr-capabilities' content='ocr_page ocr_carea ocr_par ocr_line ocrx_word'/>
</head>
<body>
  <div class='ocr_page' id='page_1' title='image "./p1scriptaquaemanse02ciceuoft_0253.png"; bbox 0 0 1618 2584; ppageno 0'>
   <div class='ocr_carea' id='block_1_1' title="bbox 431 34 1333 78">
    <p class='ocr_par' dir='ltr' id='par_1_1' title="bbox 431 34 1333 78">
     <span class='ocr_line' id='line_1_1' title="bbox 431 34 1333 78; baseline 0.009 -10"><span class='ocrx_word' id='word_1_1' title='bbox 431 34 534 69; x_wconf 83' lang='lat' dir='ltr'><strong>CAP.</strong></span> <span class='ocrx_word' id='word_1_2' title='bbox 566 40 617 78; x_wconf 86' lang='lat'><strong>17,</strong></span> <span class='ocrx_word' id='word_1_3' title='bbox 642 39 683 70; x_wconf 81' lang='lat'><strong>18</strong></span> <span class='ocrx_word' id='word_1_4' title='bbox 709 39 728 77; x_wconf 64' lang='grc' dir='ltr'>ξ</span> <span class='ocrx_word' id='word_1_5' title='bbox 749 39 897 71; x_wconf 83' lang='lat'><strong>51—56.</strong></span> <span class='ocrx_word' id='word_1_6' title='bbox 1250 35 1333 76; x_wconf 78' lang='lat'><strong>139</strong></span> 
     </span>
    </p>
   </div>
   <div class='ocr_carea' id='block_1_2' title="bbox 0 130 1336 1945">
    <p class='ocr_par' dir='ltr' id='par_1_2' title="bbox 0 130 1336 1945">
     <span class='ocr_line' id='line_1_2' title="bbox 0 130 1334 184; baseline 0 -12"><span class='ocrx_word' id='word_1_7' title='bbox 0 130 285 172; x_wconf 66' lang='lat' dir='ltr'><strong>diuturnitatis</strong></span> <span class='ocrx_word' id='word_1_8' title='bbox 314 130 496 171; x_wconf 75' lang='lat' dir='ltr'><strong>adducta</strong></span> <span class='ocrx_word' id='word_1_9' title='bbox 522 131 595 183; x_wconf 85' lang='lat' dir='ltr'><strong>sit3</strong></span> <span class='ocrx_word' id='word_1_10' title='bbox 621 145 707 171; x_wconf 89' lang='lat' dir='ltr'><strong>non</strong></span> <span class='ocrx_word' id='word_1_11' title='bbox 733 131 1013 184; x_wconf 87' lang='lat' dir='ltr'><strong>committam,</strong></span> <span class='ocrx_word' id='word_1_12' title='bbox 1039 132 1087 170; x_wconf 91' lang='lat' dir='ltr'><strong>ut</strong></span> <span class='ocrx_word' id='word_1_13' title='bbox 1112 133 1204 171; x_wconf 89' lang='lat' dir='ltr'><strong>tum</strong></span> <span class='ocrx_word' id='word_1_14' title='bbox 1230 131 1334 172; x_wconf 84' lang='lat' dir='ltr'><strong>haec</strong></span> 
     </span>
     <span class='ocr_line' id='line_1_3' title="bbox 0 188 1335 243; baseline -0.001 -13"><span class='ocrx_word' id='word_1_15' title='bbox 0 204 59 230; x_wconf 77' lang='lat' dir='ltr'><strong>res</strong></span> <span class='ocrx_word' id='word_1_16' title='bbox 84 188 304 241; x_wconf 88' lang='lat' dir='ltr'><strong>iudicetur,</strong></span> <span class='ocrx_word' id='word_1_17' title='bbox 331 203 426 229; x_wconf 91' lang='lat' dir='ltr'><strong>cum</strong></span> <span class='ocrx_word' id='word_1_18' title='bbox 453 189 557 230; x_wconf 87' lang='lat' dir='ltr'><strong>haec</strong></span> <span class='ocrx_word' id='word_1_19' title='bbox 582 189 824 243; x_wconf 72' lang='lat' dir='ltr'><strong>frequentia</strong></span> <span class='ocrx_word' id='word_1_20' title='bbox 855 189 988 230; x_wconf 87' lang='lat' dir='ltr'><strong>totius</strong></span> <span class='ocrx_word' id='word_1_21' title='bbox 1015 188 1169 229; x_wconf 85' lang='lat' dir='ltr'><strong>Italiae</strong></span> <span class='ocrx_word' id='word_1_22' title='bbox 1195 188 1335 229; x_wconf 80' lang='lat' dir='ltr'><strong>Roma</strong></span> 
     </span>
     <span class='ocr_line' id='line_1_4' title="bbox 0 247 1334 302; baseline -0.001 -14"><span class='ocrx_word' id='word_1_23' title='bbox 0 247 245 301; x_wconf 72' lang='lat' dir='ltr'><strong>discesserit,</strong></span> <span class='ocrx_word' id='word_1_24' title='bbox 279 261 386 300; x_wconf 87' lang='lat' dir='ltr'><strong>quae</strong></span> <span class='ocrx_word' id='word_1_25' title='bbox 418 247 617 289; x_wconf 82' lang='lat' dir='ltr'><strong>convenit</strong></span> <span class='ocrx_word' id='word_1_26' title='bbox 648 262 732 289; x_wconf 90' lang='lat' dir='ltr'><strong>uno</strong></span> <span class='ocrx_word' id='word_1_27' title='bbox 766 251 958 302; x_wconf 87' lang='lat' dir='ltr'><strong>tempore</strong></span> <span class='ocrx_word' id='word_1_28' title='bbox 990 247 1175 300; x_wconf 84' lang='lat' dir='ltr'><strong>undique</strong></span> <span class='ocrx_word' id='word_1_29' title='bbox 1208 247 1334 288; x_wconf 89' lang='lat' dir='ltr'><strong>comi-</strong></span> 
     </span>
     <span class='ocr_line' id='line_1_5' title="bbox 0 304 1335 359; baseline -0.001 -12"><span class='ocrx_word' id='word_1_30' title='bbox 0 306 168 358; x_wconf 79' lang='lat' dir='ltr'><strong>tiorum,</strong></span> <span class='ocrx_word' id='word_1_31' title='bbox 201 304 400 346; x_wconf 85' lang='lat' dir='ltr'><strong>ludorum</strong></span> <span class='ocrx_word' id='word_1_32' title='bbox 432 306 712 359; x_wconf 74' lang='lat' dir='ltr'><strong>censendique</strong></span> <span class='ocrx_word' id='word_1_33' title='bbox 745 320 884 347; x_wconf 85' lang='lat' dir='ltr'><strong>causa.</strong></span> <span class='ocrx_word' id='word_1_34' title='bbox 945 305 1084 346; x_wconf 90' lang='lat' dir='ltr'><strong>Huius</strong></span> <span class='ocrx_word' id='word_1_35' title='bbox 1116 305 1261 346; x_wconf 87' lang='lat' dir='ltr'><strong>iudicii</strong></span> <span class='ocrx_word' id='word_1_36' title='bbox 1293 309 1335 346; x_wconf 89' lang='lat' dir='ltr'><strong>et</strong></span> 
     </span>
     <span class='ocr_line' id='line_1_6' title="bbox 0 363 1334 418; baseline -0.001 -12"><span class='ocrx_word' id='word_1_37' title='bbox 0 364 132 406; x_wconf 86' lang='lat' dir='ltr'><strong>laudis</strong></span> <span class='ocrx_word' id='word_1_38' title='bbox 163 363 350 405; x_wconf 86' lang='lat' dir='ltr'><strong>fructum</strong></span> <span class='ocrx_word' id='word_1_39' title='bbox 377 367 419 405; x_wconf 88' lang='lat' dir='ltr'><strong>et</strong></span> <span class='ocrx_word' id='word_1_40' title='bbox 445 364 691 405; x_wconf 80' lang='lat' dir='ltr'><strong>offensionis</strong></span> <span class='ocrx_word' id='word_1_41' title='bbox 717 365 953 418; x_wconf 88' lang='lat' dir='ltr'><strong>periculum</strong></span> <span class='ocrx_word' id='word_1_42' title='bbox 980 367 1182 417; x_wconf 87' lang='lat' dir='ltr'><strong>vestrum,</strong></span> <span class='ocrx_word' id='word_1_43' title='bbox 1215 364 1334 405; x_wconf 89' lang='lat' dir='ltr'><strong>labo—</strong></span> 
     </span>
     <span class='ocr_line' id='line_1_7' title="bbox 0 422 1335 477; baseline -0.001 -13"><span class='ocrx_word' id='word_1_44' title='bbox 0 437 80 464; x_wconf 74' lang='lat' dir='ltr'><strong>rem</strong></span> <span class='ocrx_word' id='word_1_45' title='bbox 101 422 519 476; x_wconf 78' lang='lat' dir='ltr'><strong>sollicitudinemque</strong></span> <span class='ocrx_word' id='word_1_46' title='bbox 545 425 752 476; x_wconf 84' lang='lat' dir='ltr'><strong>nostram,</strong></span> <span class='ocrx_word' id='word_1_47' title='bbox 779 423 1013 477; x_wconf 89' lang='lat' dir='ltr'><strong>scientiam,</strong></span> <span class='ocrx_word' id='word_1_48' title='bbox 1041 422 1141 477; x_wconf 89' lang='lat' dir='ltr'><strong>quid</strong></span> <span class='ocrx_word' id='word_1_49' title='bbox 1168 425 1335 477; x_wconf 80' lang='lat' dir='ltr'><strong>agatur,</strong></span> 
     </span>
     <span class='ocr_line' id='line_1_8' title="bbox 0 480 1334 535; baseline -0.001 -13"><span class='ocrx_word' id='word_1_50' title='bbox 0 480 345 534; x_wconf 82' lang='lat' dir='ltr'><strong>memoriamque,</strong></span> <span class='ocrx_word' id='word_1_51' title='bbox 391 481 491 534; x_wconf 84' lang='lat' dir='ltr'><strong>quid</strong></span> <span class='ocrx_word' id='word_1_52' title='bbox 537 496 562 521; x_wconf 92' lang='lat' dir='ltr'><strong>a</strong></span> <span class='ocrx_word' id='word_1_53' title='bbox 606 495 774 534; x_wconf 89' lang='lat' dir='ltr'><strong>quoque</strong></span> <span class='ocrx_word' id='word_1_54' title='bbox 819 481 978 522; x_wconf 88' lang='lat' dir='ltr'><strong>dictum</strong></span> <span class='ocrx_word' id='word_1_55' title='bbox 1023 481 1096 535; x_wconf 84' lang='lat' dir='ltr'><strong>sit,</strong></span> <span class='ocrx_word' id='word_1_56' title='bbox 1143 481 1334 522; x_wconf 88' lang='lat' dir='ltr'><strong>omnium</strong></span> 
     </span>
     <span class='ocr_line' id='line_1_9' title="bbox 0 538 1334 595; baseline -0.001 -14"><span class='ocrx_word' id='word_1_57' title='bbox 0 542 95 595; x_wconf 82' lang='lat' dir='ltr'><strong>puto</strong></span> <span class='ocrx_word' id='word_1_58' title='bbox 128 553 220 580; x_wconf 90' lang='lat' dir='ltr'><strong>esse</strong></span> <span class='ocrx_word' id='word_1_59' title='bbox 252 542 461 593; x_wconf 77' lang='lat' dir='ltr'><strong>oportere.</strong></span> <span class='ocrx_word' id='word_1_60' title='bbox 523 538 696 579; x_wconf 86' lang='lat' dir='ltr'><strong>Faciam</strong></span> <span class='ocrx_word' id='word_1_61' title='bbox 729 539 810 580; x_wconf 94' lang='lat' dir='ltr'><strong>hoc</strong></span> <span class='ocrx_word' id='word_1_62' title='bbox 840 554 928 581; x_wconf 91' lang='lat' dir='ltr'><strong>non</strong></span> <span class='ocrx_word' id='word_1_63' title='bbox 958 555 1133 593; x_wconf 90' lang='lat' dir='ltr'><strong>novum,</strong></span> <span class='ocrx_word' id='word_1_64' title='bbox 1176 539 1249 580; x_wconf 89' lang='lat' dir='ltr'><strong>sed</strong></span> <span class='ocrx_word' id='word_1_65' title='bbox 1281 539 1334 580; x_wconf 89' lang='lat' dir='ltr'><strong>ab</strong></span> 
     </span>
     <span class='ocr_line' id='line_1_10' title="bbox 0 597 1335 652; baseline -0.001 -12"><span class='ocrx_word' id='word_1_66' title='bbox 0 599 60 652; x_wconf 78' lang='lat' dir='ltr'><strong>iis,</strong></span> <span class='ocrx_word' id='word_1_67' title='bbox 104 598 176 651; x_wconf 89' lang='lat' dir='ltr'><strong>qui</strong></span> <span class='ocrx_word' id='word_1_68' title='bbox 220 612 330 639; x_wconf 90' lang='grc'>1111110</span> <span class='ocrx_word' id='word_1_69' title='bbox 374 597 588 651; x_wconf 77' lang='lat' dir='ltr'><strong>principes</strong></span> <span class='ocrx_word' id='word_1_70' title='bbox 631 601 805 638; x_wconf 88' lang='lat' dir='ltr'><strong>nostrae</strong></span> <span class='ocrx_word' id='word_1_71' title='bbox 847 598 1035 639; x_wconf 87' lang='lat' dir='ltr'><strong>civitatis</strong></span> <span class='ocrx_word' id='word_1_72' title='bbox 1075 601 1190 651; x_wconf 87' lang='lat' dir='ltr'><strong>sunt,</strong></span> <span class='ocrx_word' id='word_1_73' title='bbox 1236 601 1335 639; x_wconf 87' lang='lat' dir='ltr'><strong>ante</strong></span> 
     </span>
     <span class='ocr_line' id='line_1_11' title="bbox 0 656 1335 710; baseline -0.001 -12"><span class='ocrx_word' id='word_1_74' title='bbox 0 658 169 710; x_wconf 76' lang='lat' dir='ltr'><strong>factum,</strong></span> <span class='ocrx_word' id='word_1_75' title='bbox 207 660 256 697; x_wconf 88' lang='lat' dir='ltr'><strong>ut</strong></span> <span class='ocrx_word' id='word_1_76' title='bbox 293 656 476 697; x_wconf 87' lang='lat' dir='ltr'><strong>testibus</strong></span> <span class='ocrx_word' id='word_1_77' title='bbox 515 658 613 696; x_wconf 87' lang='lat' dir='ltr'><strong>utar</strong></span> <span class='ocrx_word' id='word_1_78' title='bbox 651 656 818 709; x_wconf 83' lang='lat' dir='ltr'><strong>statim3</strong></span> <span class='ocrx_word' id='word_1_79' title='bbox 856 657 964 697; x_wconf 92' lang='lat' dir='ltr'><strong>illud</strong></span> <span class='ocrx_word' id='word_1_80' title='bbox 1003 672 1027 697; x_wconf 89' lang='lat' dir='ltr'><strong>a</strong></span> <span class='ocrx_word' id='word_1_81' title='bbox 1066 672 1132 697; x_wconf 91' lang='lat' dir='ltr'><strong>me</strong></span> <span class='ocrx_word' id='word_1_82' title='bbox 1164 672 1335 710; x_wconf 88' lang='lat' dir='ltr'><strong>novum,</strong></span> 
     </span>
     <span class='ocr_line' id='line_1_12' title="bbox 0 714 1336 769; baseline 0 -13"><span class='ocrx_word' id='word_1_83' title='bbox 0 715 166 768; x_wconf 70' lang='lat' dir='ltr'><strong>iudices,</strong></span> <span class='ocrx_word' id='word_1_84' title='bbox 212 715 497 769; x_wconf 78' lang='lat' dir='ltr'><strong>cognoscetis,</strong></span> <span class='ocrx_word' id='word_1_85' title='bbox 543 714 655 768; x_wconf 86' lang='lat' dir='ltr'><strong>quod</strong></span> <span class='ocrx_word' id='word_1_86' title='bbox 692 715 754 755; x_wconf 83' lang='lat' dir='ltr'><strong>ita</strong></span> <span class='ocrx_word' id='word_1_87' title='bbox 794 718 927 755; x_wconf 89' lang='lat' dir='ltr'><strong>testes</strong></span> <span class='ocrx_word' id='word_1_88' title='bbox 966 716 1245 769; x_wconf 79' lang='lat' dir='ltr'><strong>constituam,</strong></span> <span class='ocrx_word' id='word_1_89' title='bbox 1288 719 1336 756; x_wconf 89' lang='lat' dir='ltr'><strong>ut</strong></span> 
     </span>
     <span class='ocr_line' id='line_1_13' title="bbox 0 773 1335 828; baseline 0 -13"><span class='ocrx_word' id='word_1_90' title='bbox 0 774 150 817; x_wconf 78' lang='lat' dir='ltr'><strong>:rimen</strong></span> <span class='ocrx_word' id='word_1_91' title='bbox 187 776 328 814; x_wconf 89' lang='lat' dir='ltr'><strong>totum</strong></span> <span class='ocrx_word' id='word_1_92' title='bbox 361 773 586 827; x_wconf 79' lang='lat' dir='ltr'><strong>explicem,</strong></span> <span class='ocrx_word' id='word_1_93' title='bbox 623 773 696 813; x_wconf 88' lang='lat' dir='ltr'><strong>ubi</strong></span> <span class='ocrx_word' id='word_1_94' title='bbox 734 773 776 813; x_wconf 91' lang='lat' dir='ltr'><strong>id</strong></span> <span class='ocrx_word' id='word_1_95' title='bbox 815 773 1174 828; x_wconf 79' lang='lat' dir='ltr'><strong>[interrogando,]</strong></span> <span class='ocrx_word' id='word_1_96' title='bbox 1210 788 1335 828; x_wconf 75' lang='lat' dir='ltr'><strong>argu-</strong></span> 
     </span>
     <span class='ocr_line' id='line_1_14' title="bbox 0 832 1336 886; baseline -0.001 -12"><span class='ocrx_word' id='word_1_97' title='bbox 0 833 146 874; x_wconf 84' lang='lat' dir='ltr'><strong>mentis</strong></span> <span class='ocrx_word' id='word_1_98' title='bbox 174 835 302 886; x_wconf 84' lang='lat' dir='ltr'><strong>atque</strong></span> <span class='ocrx_word' id='word_1_99' title='bbox 329 832 523 873; x_wconf 89' lang='lat' dir='ltr'><strong>oratione</strong></span> <span class='ocrx_word' id='word_1_100' title='bbox 549 832 787 885; x_wconf 83' lang='lat' dir='ltr'><strong>firmavero,</strong></span> <span class='ocrx_word' id='word_1_101' title='bbox 817 836 910 872; x_wconf 88' lang='lat' dir='ltr'><strong>tum</strong></span> <span class='ocrx_word' id='word_1_102' title='bbox 936 835 1068 873; x_wconf 87' lang='lat' dir='ltr'><strong>testes</strong></span> <span class='ocrx_word' id='word_1_103' title='bbox 1096 833 1149 873; x_wconf 87' lang='lat' dir='ltr'><strong>ad</strong></span> <span class='ocrx_word' id='word_1_104' title='bbox 1175 833 1336 874; x_wconf 82' lang='lat' dir='ltr'><strong>crimen</strong></span> 
     </span>
     <span class='ocr_line' id='line_1_15' title="bbox 0 890 1335 941; baseline -0.001 -8"><span class='ocrx_word' id='word_1_105' title='bbox 0 891 321 941; x_wconf 67' lang='lat' dir='ltr'><strong>accommodem,</strong></span> <span class='ocrx_word' id='word_1_106' title='bbox 352 893 401 931; x_wconf 88' lang='lat' dir='ltr'><strong>ut</strong></span> <span class='ocrx_word' id='word_1_107' title='bbox 431 890 540 931; x_wconf 87' lang='lat' dir='ltr'><strong>nihil</strong></span> <span class='ocrx_word' id='word_1_108' title='bbox 572 891 685 931; x_wconf 83' lang='lat' dir='ltr'><strong>inter</strong></span> <span class='ocrx_word' id='word_1_109' title='bbox 715 891 838 931; x_wconf 89' lang='lat' dir='ltr'><strong>illam</strong></span> <span class='ocrx_word' id='word_1_110' title='bbox 870 891 1077 932; x_wconf 85' lang='lat' dir='ltr'><strong>usitatam</strong></span> <span class='ocrx_word' id='word_1_111' title='bbox 1104 892 1335 933; x_wconf 86' lang='lat' dir='ltr'><strong>accusatio-</strong></span> 
     </span>
     <span class='ocr_line' id='line_1_16' title="bbox 0 949 1335 1004; baseline 0 -13"><span class='ocrx_word' id='word_1_112' title='bbox 0 964 88 991; x_wconf 80' lang='lat' dir='ltr'><strong>nem</strong></span> <span class='ocrx_word' id='word_1_113' title='bbox 114 953 242 1004; x_wconf 88' lang='lat' dir='ltr'><strong>atque</strong></span> <span class='ocrx_word' id='word_1_114' title='bbox 270 949 382 990; x_wconf 85' lang='lat' dir='ltr'><strong>hanc</strong></span> <span class='ocrx_word' id='word_1_115' title='bbox 405 964 562 990; x_wconf 88' lang='lat' dir='ltr'><strong>novam</strong></span> <span class='ocrx_word' id='word_1_116' title='bbox 588 949 771 1003; x_wconf 86' lang='lat' dir='ltr'><strong>intersit,</strong></span> <span class='ocrx_word' id='word_1_117' title='bbox 802 949 886 990; x_wconf 89' lang='lat' dir='ltr'><strong>nisi</strong></span> <span class='ocrx_word' id='word_1_118' title='bbox 912 950 1025 1003; x_wconf 88' lang='lat' dir='ltr'><strong>quod</strong></span> <span class='ocrx_word' id='word_1_119' title='bbox 1051 950 1095 990; x_wconf 91' lang='lat' dir='ltr'><strong>in</strong></span> <span class='ocrx_word' id='word_1_120' title='bbox 1120 950 1197 991; x_wconf 86' lang='lat' dir='ltr'><strong>illa</strong></span> <span class='ocrx_word' id='word_1_121' title='bbox 1229 953 1335 1004; x_wconf 80' lang='lat' dir='ltr'><strong>tum,</strong></span> 
     </span>
     <span class='ocr_line' id='line_1_17' title="bbox 0 1008 1335 1064; baseline 0 -14"><span class='ocrx_word' id='word_1_122' title='bbox 0 1023 86 1050; x_wconf 65' lang='lat' dir='ltr'><strong>zum</strong></span> <span class='ocrx_word' id='word_1_123' title='bbox 118 1008 262 1049; x_wconf 86' lang='lat' dir='ltr'><strong>omnia</strong></span> <span class='ocrx_word' id='word_1_124' title='bbox 294 1008 408 1049; x_wconf 88' lang='lat' dir='ltr'><strong>dicta</strong></span> <span class='ocrx_word' id='word_1_125' title='bbox 440 1011 557 1061; x_wconf 88' lang='lat' dir='ltr'><strong>sunt,</strong></span> <span class='ocrx_word' id='word_1_126' title='bbox 589 1010 723 1048; x_wconf 86' lang='lat' dir='ltr'><strong>testes</strong></span> <span class='ocrx_word' id='word_1_127' title='bbox 757 1008 931 1061; x_wconf 85' lang='lat' dir='ltr'><strong>dantur,</strong></span> <span class='ocrx_word' id='word_1_128' title='bbox 963 1008 1032 1049; x_wconf 89' lang='lat' dir='ltr'><strong>hic</strong></span> <span class='ocrx_word' id='word_1_129' title='bbox 1064 1009 1108 1049; x_wconf 91' lang='lat' dir='ltr'><strong>in</strong></span> <span class='ocrx_word' id='word_1_130' title='bbox 1142 1009 1335 1064; x_wconf 77' lang='lat' dir='ltr'><strong>singulas</strong></span> 
     </span>
     <span class='ocr_line' id='line_1_18' title="bbox 0 1067 1336 1122; baseline 0 -14"><span class='ocrx_word' id='word_1_131' title='bbox 0 1082 57 1108; x_wconf 81' lang='lat' dir='ltr'><strong>res</strong></span> <span class='ocrx_word' id='word_1_132' title='bbox 105 1067 337 1121; x_wconf 85' lang='lat' dir='ltr'><strong>dabuntur,</strong></span> <span class='ocrx_word' id='word_1_133' title='bbox 386 1069 434 1107; x_wconf 92' lang='lat' dir='ltr'><strong>ut</strong></span> <span class='ocrx_word' id='word_1_134' title='bbox 483 1067 571 1107; x_wconf 89' lang='lat' dir='ltr'><strong>illis</strong></span> <span class='ocrx_word' id='word_1_135' title='bbox 625 1081 791 1120; x_wconf 87' lang='lat' dir='ltr'><strong>quoque</strong></span> <span class='ocrx_word' id='word_1_136' title='bbox 842 1067 990 1108; x_wconf 86' lang='lat' dir='ltr'><strong>eadem</strong></span> <span class='ocrx_word' id='word_1_137' title='bbox 1038 1067 1336 1122; x_wconf 80' lang='lat' dir='ltr'><strong>interrogandi</strong></span> 
     </span>
     <span class='ocr_line' id='line_1_19' title="bbox 0 1124 1335 1181; baseline 0 -15"><span class='ocrx_word' id='word_1_138' title='bbox 0 1126 191 1179; x_wconf 75' lang='lat' dir='ltr'><strong>facultas,</strong></span> <span class='ocrx_word' id='word_1_139' title='bbox 233 1125 563 1181; x_wconf 75' lang='lat' dir='ltr'><strong>argumentandi</strong></span> <span class='ocrx_word' id='word_1_140' title='bbox 601 1125 848 1179; x_wconf 86' lang='lat' dir='ltr'><strong>dicendique</strong></span> <span class='ocrx_word' id='word_1_141' title='bbox 889 1126 956 1167; x_wconf 89' lang='lat' dir='ltr'><strong>sit.</strong></span> <span class='ocrx_word' id='word_1_142' title='bbox 1026 1124 1070 1166; x_wconf 79' lang='lat' dir='ltr'><strong>Si</strong></span> <span class='ocrx_word' id='word_1_143' title='bbox 1109 1126 1202 1180; x_wconf 90' lang='lat' dir='ltr'><strong>quis</strong></span> <span class='ocrx_word' id='word_1_144' title='bbox 1244 1127 1335 1180; x_wconf 85' lang='lat' dir='ltr'><strong>erit,</strong></span> 
     </span>
     <span class='ocr_line' id='line_1_20' title="bbox 0 1184 1335 1239; baseline 0 -14"><span class='ocrx_word' id='word_1_145' title='bbox 0 1185 64 1239; x_wconf 67' lang='lat' dir='ltr'><strong>qui</strong></span> <span class='ocrx_word' id='word_1_146' title='bbox 102 1187 353 1239; x_wconf 88' lang='lat' dir='ltr'><strong>perpetuam</strong></span> <span class='ocrx_word' id='word_1_147' title='bbox 394 1184 633 1225; x_wconf 86' lang='lat' dir='ltr'><strong>orationem</strong></span> <span class='ocrx_word' id='word_1_148' title='bbox 672 1184 1071 1239; x_wconf 86' lang='lat' dir='ltr'><strong>accusationemque</strong></span> <span class='ocrx_word' id='word_1_149' title='bbox 1113 1185 1335 1237; x_wconf 85' lang='lat' dir='ltr'><strong>desideret,</strong></span> 
     </span>
     <span class='ocr_line' id='line_1_21' title="bbox 0 1243 1335 1297; baseline -0.001 -12"><span class='ocrx_word' id='word_1_150' title='bbox 0 1244 128 1285; x_wconf 58' lang='lat' dir='ltr'><strong>altera</strong></span> <span class='ocrx_word' id='word_1_151' title='bbox 149 1243 315 1285; x_wconf 82' lang='lat' dir='ltr'><strong>actione</strong></span> <span class='ocrx_word' id='word_1_152' title='bbox 336 1243 495 1295; x_wconf 69' lang='lat' dir='ltr'><strong>audiet,</strong></span> <span class='ocrx_word' id='word_1_153' title='bbox 515 1258 626 1284; x_wconf 89' lang='lat' dir='ltr'><strong>nunc</strong></span> <span class='ocrx_word' id='word_1_154' title='bbox 645 1243 700 1296; x_wconf 86' lang='lat' dir='ltr'><strong>id,</strong></span> <span class='ocrx_word' id='word_1_155' title='bbox 721 1243 833 1297; x_wconf 89' lang='lat' dir='ltr'><strong>quod</strong></span> <span class='ocrx_word' id='word_1_156' title='bbox 846 1243 1039 1297; x_wconf 82' lang='lat' dir='ltr'><strong>facimus,</strong></span> <span class='ocrx_word' id='word_1_157' title='bbox 1059 1245 1096 1285; x_wconf 70' lang='lat' dir='ltr'><strong>si</strong></span> <span class='ocrx_word' id='word_1_158' title='bbox 1109 1258 1158 1285; x_wconf 93' lang='lat' dir='ltr'><strong>ea</strong></span> <span class='ocrx_word' id='word_1_159' title='bbox 1169 1244 1335 1285; x_wconf 88' lang='lat' dir='ltr'><strong>ratione</strong></span> 
     </span>
     <span class='ocr_line' id='line_1_22' title="bbox 0 1302 1335 1356; baseline -0.001 -12"><span class='ocrx_word' id='word_1_160' title='bbox 0 1302 188 1356; x_wconf 72' lang='lat' dir='ltr'><strong>Facimus,</strong></span> <span class='ocrx_word' id='word_1_161' title='bbox 226 1305 274 1343; x_wconf 82' lang='lat' dir='ltr'><strong>ut</strong></span> <span class='ocrx_word' id='word_1_162' title='bbox 313 1303 504 1343; x_wconf 85' lang='lat' dir='ltr'><strong>malitiae</strong></span> <span class='ocrx_word' id='word_1_163' title='bbox 543 1302 717 1342; x_wconf 86' lang='lat' dir='ltr'><strong>illorum</strong></span> <span class='ocrx_word' id='word_1_164' title='bbox 751 1302 929 1343; x_wconf 89' lang='lat' dir='ltr'><strong>consilio</strong></span> <span class='ocrx_word' id='word_1_165' title='bbox 961 1305 1111 1343; x_wconf 84' lang='lat' dir='ltr'><strong>nostro</strong></span> <span class='ocrx_word' id='word_1_166' title='bbox 1145 1317 1335 1344; x_wconf 85' lang='lat' dir='ltr'><strong>occurra-</strong></span> 
     </span>
     <span class='ocr_line' id='line_1_23' title="bbox 0 1360 1334 1415; baseline -0.001 -13"><span class='ocrx_word' id='word_1_167' title='bbox 0 1375 97 1415; x_wconf 87' lang='lat' dir='ltr'><strong>mus,</strong></span> <span class='ocrx_word' id='word_1_168' title='bbox 128 1361 368 1402; x_wconf 86' lang='lat' dir='ltr'><strong>necessario</strong></span> <span class='ocrx_word' id='word_1_169' title='bbox 400 1361 493 1402; x_wconf 90' lang='lat' dir='ltr'><strong>fieri</strong></span> <span class='ocrx_word' id='word_1_170' title='bbox 528 1360 767 1415; x_wconf 73' lang='lat' dir='ltr'><strong>intellegat.</strong></span> <span class='ocrx_word' id='word_1_171' title='bbox 817 1361 933 1402; x_wconf 89' lang='lat' dir='ltr'><strong>Haec</strong></span> <span class='ocrx_word' id='word_1_172' title='bbox 962 1362 1126 1415; x_wconf 82' lang='lat' dir='ltr'><strong>primae</strong></span> <span class='ocrx_word' id='word_1_173' title='bbox 1154 1362 1334 1402; x_wconf 88' lang='lat' dir='ltr'><strong>actionis</strong></span> 
     </span>
     <span class='ocr_line' id='line_1_24' title="bbox 0 1418 1336 1473; baseline 0.001 -13"><span class='ocrx_word' id='word_1_174' title='bbox 0 1420 72 1461; x_wconf 77' lang='lat' dir='ltr'><strong>erit</strong></span> <span class='ocrx_word' id='word_1_175' title='bbox 105 1420 330 1461; x_wconf 84' lang='lat' dir='ltr'><strong>accusatio.</strong></span> <span class='ocrx_word' id='word_1_176' title='bbox 382 1419 574 1460; x_wconf 90' lang='lat' dir='ltr'><strong>Dicimus</strong></span> <span class='ocrx_word' id='word_1_177' title='bbox 608 1418 650 1460; x_wconf 81' lang='lat' dir='ltr'><strong>C.</strong></span> <span class='ocrx_word' id='word_1_178' title='bbox 676 1418 867 1473; x_wconf 87' lang='lat' dir='ltr'><strong>Verrem,</strong></span> <span class='ocrx_word' id='word_1_179' title='bbox 900 1435 995 1461; x_wconf 89' lang='lat' dir='ltr'><strong>cum</strong></span> <span class='ocrx_word' id='word_1_180' title='bbox 1028 1421 1165 1461; x_wconf 91' lang='lat' dir='ltr'><strong>multa</strong></span> <span class='ocrx_word' id='word_1_181' title='bbox 1197 1420 1336 1461; x_wconf 87' lang='lat' dir='ltr'><strong>libidi—</strong></span> 
     </span>
     <span class='ocr_line' id='line_1_25' title="bbox 0 1478 1335 1532; baseline 0 -13"><span class='ocrx_word' id='word_1_182' title='bbox 0 1493 106 1531; x_wconf 84' lang='lat' dir='ltr'><strong>nose,</strong></span> <span class='ocrx_word' id='word_1_183' title='bbox 137 1479 275 1519; x_wconf 88' lang='lat' dir='ltr'><strong>multa</strong></span> <span class='ocrx_word' id='word_1_184' title='bbox 306 1478 534 1520; x_wconf 84' lang='lat' dir='ltr'><strong>crudeliter</strong></span> <span class='ocrx_word' id='word_1_185' title='bbox 564 1478 608 1518; x_wconf 89' lang='lat' dir='ltr'><strong>in</strong></span> <span class='ocrx_word' id='word_1_186' title='bbox 640 1478 751 1519; x_wconf 89' lang='lat' dir='ltr'><strong>cives</strong></span> <span class='ocrx_word' id='word_1_187' title='bbox 784 1478 1002 1519; x_wconf 83' lang='lat' dir='ltr'><strong>Romanos</strong></span> <span class='ocrx_word' id='word_1_188' title='bbox 1030 1482 1157 1532; x_wconf 88' lang='lat' dir='ltr'><strong>atque</strong></span> <span class='ocrx_word' id='word_1_189' title='bbox 1185 1479 1335 1532; x_wconf 88' lang='lat' dir='ltr'><strong>socios,</strong></span> 
     </span>
     <span class='ocr_line' id='line_1_26' title="bbox 0 1536 1335 1591; baseline 0 -13"><span class='ocrx_word' id='word_1_190' title='bbox 0 1538 131 1579; x_wconf 88' lang='lat' dir='ltr'><strong>multa</strong></span> <span class='ocrx_word' id='word_1_191' title='bbox 167 1538 212 1578; x_wconf 92' lang='lat' dir='ltr'><strong>in</strong></span> <span class='ocrx_word' id='word_1_192' title='bbox 250 1538 350 1579; x_wconf 88' lang='lat' dir='ltr'><strong>deos</strong></span> <span class='ocrx_word' id='word_1_193' title='bbox 388 1537 668 1590; x_wconf 87' lang='lat' dir='ltr'><strong>hominesque</strong></span> <span class='ocrx_word' id='word_1_194' title='bbox 699 1536 860 1577; x_wconf 86' lang='lat' dir='ltr'><strong>nefarie</strong></span> <span class='ocrx_word' id='word_1_195' title='bbox 891 1537 1057 1591; x_wconf 82' lang='lat' dir='ltr'><strong>fecerit,</strong></span> <span class='ocrx_word' id='word_1_196' title='bbox 1092 1541 1184 1578; x_wconf 88' lang='lat' dir='ltr'><strong>tum</strong></span> <span class='ocrx_word' id='word_1_197' title='bbox 1216 1552 1335 1591; x_wconf 84' lang='lat' dir='ltr'><strong>prae-</strong></span> 
     </span>
     <span class='ocr_line' id='line_1_27' title="bbox 0 1594 1334 1651; baseline -0.001 -14"><span class='ocrx_word' id='word_1_198' title='bbox 0 1599 109 1638; x_wconf 81' lang='lat' dir='ltr'><strong>terea</strong></span> <span class='ocrx_word' id='word_1_199' title='bbox 130 1596 509 1651; x_wconf 72' lang='lat' dir='ltr'><strong>quadringentiens</strong></span> <span class='ocrx_word' id='word_1_200' title='bbox 531 1595 777 1636; x_wconf 85' lang='lat' dir='ltr'><strong>sestertium</strong></span> <span class='ocrx_word' id='word_1_201' title='bbox 799 1610 847 1636; x_wconf 80' lang='lat' dir='ltr'><strong>ex</strong></span> <span class='ocrx_word' id='word_1_202' title='bbox 870 1594 1014 1636; x_wconf 76' lang='lat' dir='ltr'><strong>Sicilia</strong></span> <span class='ocrx_word' id='word_1_203' title='bbox 1041 1599 1191 1637; x_wconf 86' lang='lat' dir='ltr'><strong>contra</strong></span> <span class='ocrx_word' id='word_1_204' title='bbox 1216 1596 1334 1651; x_wconf 77' lang='lat' dir='ltr'><strong>leges</strong></span> 
     </span>
     <span class='ocr_line' id='line_1_28' title="bbox 0 1654 1334 1709; baseline -0.001 -13"><span class='ocrx_word' id='word_1_205' title='bbox 0 1655 234 1697; x_wconf 73' lang='lat' dir='ltr'><strong>abstulisse.</strong></span> <span class='ocrx_word' id='word_1_206' title='bbox 296 1654 390 1696; x_wconf 90' lang='lat' dir='ltr'><strong>Hoc</strong></span> <span class='ocrx_word' id='word_1_207' title='bbox 427 1654 631 1708; x_wconf 85' lang='lat' dir='ltr'><strong>testibus,</strong></span> <span class='ocrx_word' id='word_1_208' title='bbox 670 1654 753 1695; x_wconf 92' lang='lat' dir='ltr'><strong>hoc</strong></span> <span class='ocrx_word' id='word_1_209' title='bbox 790 1655 951 1695; x_wconf 82' lang='lat' dir='ltr'><strong>tabulis</strong></span> <span class='ocrx_word' id='word_1_210' title='bbox 983 1655 1164 1709; x_wconf 84' lang='lat' dir='ltr'><strong>privatis</strong></span> <span class='ocrx_word' id='word_1_211' title='bbox 1197 1655 1334 1709; x_wconf 86' lang='lat' dir='ltr'><strong>publi-</strong></span> 
     </span>
     <span class='ocr_line' id='line_1_29' title="bbox 0 1713 1334 1768; baseline -0.001 -13"><span class='ocrx_word' id='word_1_212' title='bbox 0 1713 134 1768; x_wconf 76' lang='lat' dir='ltr'><strong>cisque</strong></span> <span class='ocrx_word' id='word_1_213' title='bbox 173 1714 504 1755; x_wconf 85' lang='lat' dir='ltr'><strong>auctoritatibus</strong></span> <span class='ocrx_word' id='word_1_214' title='bbox 542 1713 606 1754; x_wconf 85' lang='lat' dir='ltr'><strong>ita</strong></span> <span class='ocrx_word' id='word_1_215' title='bbox 642 1713 765 1754; x_wconf 81' lang='lat' dir='ltr'><strong>vobis</strong></span> <span class='ocrx_word' id='word_1_216' title='bbox 804 1713 980 1767; x_wconf 85' lang='lat' dir='ltr'><strong>planum</strong></span> <span class='ocrx_word' id='word_1_217' title='bbox 1018 1713 1242 1765; x_wconf 83' lang='lat' dir='ltr'><strong>faciemus,</strong></span> <span class='ocrx_word' id='word_1_218' title='bbox 1286 1716 1334 1754; x_wconf 92' lang='lat' dir='ltr'><strong>ut</strong></span> 
     </span>
     <span class='ocr_line' id='line_1_30' title="bbox 0 1771 1332 1826; baseline -0.001 -12"><span class='ocrx_word' id='word_1_219' title='bbox 0 1772 72 1814; x_wconf 86' lang='lat' dir='ltr'><strong>hoc</strong></span> <span class='ocrx_word' id='word_1_220' title='bbox 116 1773 337 1826; x_wconf 85' lang='lat' dir='ltr'><strong>statuatis,</strong></span> <span class='ocrx_word' id='word_1_221' title='bbox 381 1772 551 1813; x_wconf 85' lang='lat' dir='ltr'><strong>etiamsi</strong></span> <span class='ocrx_word' id='word_1_222' title='bbox 596 1771 784 1826; x_wconf 80' lang='lat' dir='ltr'><strong>spatium</strong></span> <span class='ocrx_word' id='word_1_223' title='bbox 831 1772 883 1812; x_wconf 88' lang='lat' dir='ltr'><strong>ad</strong></span> <span class='ocrx_word' id='word_1_224' title='bbox 922 1772 1145 1814; x_wconf 84' lang='lat' dir='ltr'><strong>dicendum</strong></span> <span class='ocrx_word' id='word_1_225' title='bbox 1183 1775 1332 1813; x_wconf 82' lang='lat' dir='ltr'><strong>nostro</strong></span> 
     </span>
     <span class='ocr_line' id='line_1_31' title="bbox 0 1830 1333 1885; baseline -0.001 -13"><span class='ocrx_word' id='word_1_226' title='bbox 0 1832 214 1873; x_wconf 83' lang='lat' dir='ltr'><strong>commodo</strong></span> <span class='ocrx_word' id='word_1_227' title='bbox 242 1846 482 1885; x_wconf 85' lang='lat' dir='ltr'><strong>vacuosque</strong></span> <span class='ocrx_word' id='word_1_228' title='bbox 510 1830 598 1871; x_wconf 89' lang='lat' dir='ltr'><strong>dies</strong></span> <span class='ocrx_word' id='word_1_229' title='bbox 625 1830 936 1885; x_wconf 85' lang='lat' dir='ltr'><strong>habuissemus,</strong></span> <span class='ocrx_word' id='word_1_230' title='bbox 970 1834 1113 1872; x_wconf 85' lang='lat' dir='ltr'><strong>tamen</strong></span> <span class='ocrx_word' id='word_1_231' title='bbox 1141 1832 1333 1873; x_wconf 87' lang='lat' dir='ltr'><strong>oratione</strong></span> 
     </span>
     <span class='ocr_line' id='line_1_32' title="bbox 0 1888 751 1945; baseline -0.003 -14"><span class='ocrx_word' id='word_1_232' title='bbox 0 1890 122 1945; x_wconf 80' lang='lat' dir='ltr'><strong>longa</strong></span> <span class='ocrx_word' id='word_1_233' title='bbox 153 1890 261 1931; x_wconf 81' lang='lat' dir='ltr'><strong>nihil</strong></span> <span class='ocrx_word' id='word_1_234' title='bbox 296 1904 401 1945; x_wconf 86' lang='lat' dir='ltr'><strong>opus</strong></span> <span class='ocrx_word' id='word_1_235' title='bbox 433 1889 577 1930; x_wconf 82' lang='lat' dir='ltr'><strong>fuisse.</strong></span> <span class='ocrx_word' id='word_1_236' title='bbox 638 1888 751 1930; x_wconf 55' lang='lat' dir='ltr'><strong>Dixi.</strong></span> 
     </span>
    </p>
   </div>
   <div class='ocr_carea' id='block_1_3' title="bbox 1362 547 1403 577">
    <p class='ocr_par' dir='ltr' id='par_1_3' title="bbox 1362 547 1403 577">
     <span class='ocr_line' id='line_1_33' title="bbox 1362 547 1403 577; baseline 0 0"><span class='ocrx_word' id='word_1_237' title='bbox 1362 547 1403 577; x_wconf 81' lang='lat'><strong>55</strong></span> 
     </span>
    </p>
   </div>
   <div class='ocr_carea' id='block_1_4' title="bbox 1362 1367 1404 1399">
    <p class='ocr_par' dir='ltr' id='par_1_4' title="bbox 1362 1367 1404 1399">
     <span class='ocr_line' id='line_1_34' title="bbox 1362 1367 1404 1399; baseline 0.024 -1"><span class='ocrx_word' id='word_1_238' title='bbox 1362 1367 1404 1399; x_wconf 74' lang='lat'><strong>56</strong></span> 
     </span>
    </p>
   </div>
  </div>
 </body>
</html>
