1685 2574
238 73 295 113 20
594 71 688 105 PRO
714 70 753 104 P.
781 69 1011 115 QUINCTIO
1039 69 1231 104 ORATIO.

240 170 332 209 erat
379 168 660 223 procurator?
719 165 855 207 Credo
904 165 1091 219 aliquem
1136 166 1318 207 electum
1363 165 1580 211 hominem

241 229 456 282 egentem,
500 225 760 280 litigiosum,
802 224 1066 278 improbum,
1111 224 1181 278 qui
1223 226 1372 279 posset
1410 239 1580 266 scurrae

240 286 385 326 divitis
424 285 685 326 cotidianum
718 283 956 324 convicium
990 282 1210 323 sustinere.
1266 282 1387 323 Nihil
1421 283 1580 336 minus3

241 358 368 398 eques
412 344 634 384 Romanus
684 342 894 395 locuples,
946 341 1012 382 sui
1057 341 1222 395 negotii
1265 341 1372 382 bene
1418 355 1581 396 gerens,

241 403 420 456 denique
459 402 513 454 is,
553 415 696 454 quem,
736 400 934 454 quotiens
966 398 1155 440 Naevius
1191 399 1236 440 in
1267 399 1455 440 Galliam
1487 414 1615 454 pro-5

171 460 226 500 520
240 461 377 502 fectus
417 463 499 511 est,
538 461 862 513 procuratorem
894 458 1058 500 Romae
1095 458 1281 512 reliquit.
1343 458 1402 500 Et
1441 458 1581 512 audes,

174 882 214 910 533

173 1584 216 1612 ssi

241 518 333 560 SeX.
355 518 505 571 Naevi,
531 532 690 573 negare
713 518 937 558 absentem
964 517 1183 558 defensum
1211 531 1302 558 esse
1324 516 1582 571 Quinctium,

241 593 336 619 cum
367 592 464 618 eum
497 576 734 618 defenderit
764 576 888 628 idem,
921 576 993 630 qui
1025 578 1067 616 te
1100 575 1298 617 solebat?
1333 578 1385 629 et,
1419 590 1514 617 cum
1546 575 1582 617 is

240 636 443 677 iudicium
464 635 675 690 acceperit
694 649 772 690 pro
794 634 1004 687 Quinctio,
1031 634 1097 676 cui
1117 637 1165 675 tu
1186 637 1228 675 et
1248 649 1338 674 rem
1360 636 1402 675 et
1421 633 1582 675 famam

241 697 361 736 tuam
400 694 696 736 commendare
735 694 1008 748 proficiscens
1044 696 1085 734 et
1117 693 1368 734 concredere
1402 693 1583 744 solebas,
1603 710 1634 738 ιο

241 753 408 795 conaris
435 754 515 794 1106
548 753 698 805 dicere,
729 753 942 793 neminem
976 751 1205 806 exstitisse,
1237 751 1311 805 qui
1338 751 1584 800 Quinctium

241 812 397 853 iudicio
431 811 704 852 defenderet?

333 870 659 923 ‘Postulabam',
679 870 831 923 inquit,
855 869 919 909 ‘ut
940 869 1045 909 satis
1068 867 1215 909 daret?
1254 867 1418 910 Iniuria
1437 871 1582 923 postu-

242 930 384 982 labas3
417 929 480 970 ita
506 929 725 979 videbare3
757 928 985 969 recusabat
1005 927 1199 968 Alfenus.
1225 951 1282 955 —
1309 926 1403 980 ς11361,
1435 942 1584 969 verum

242 991 417 1042 praetor
456 986 738 1028 decernebat.’
772 1011 826 1015 —
861 986 1041 1027 Tribuni
1072 986 1208 1041 igitur
1240 985 1583 1040 appellabantur.
1603 1002 1637 1031 ιε.
1670 1004 1685 1020 =³

242 1071 296 1076 —
331 1046 434 1088 eHic
466 1046 542 1100 te’,
575 1046 732 1099 inquit,
766 1044 930 1098 eteneo3
962 1059 1048 1086 non
1081 1047 1146 1085 est
1177 1044 1294 1085 istud
1325 1044 1417 1098 pati
1447 1059 1585 1099 neque

241 1105 397 1146 iudicio
446 1105 687 1157 defendere,
739 1119 834 1145 cum
885 1103 1091 1145 auxilium
1137 1118 1161 1144 a
1203 1103 1390 1144 tribunis
1434 1103 1584 1158 petas.'

241 1164 334 1205 Hoc
362 1178 460 1219 ego,
494 1178 590 1205 cum
622 1163 817 1216 attendo,
851 1177 934 1216 qua
966 1162 1194 1216 prudentia
1227 1161 1283 1202 sit
1314 1161 1586 1213 Hortensius,

242 1223 456 1264 dicturum
495 1236 587 1263 esse
627 1237 722 1263 eum
760 1236 846 1262 non
885 1221 1084 1262 arbitror.
1142 1219 1249 1262 Cum
1282 1223 1426 1262 autem
1459 1223 1586 1262 antea

243 1281 399 1322 dixisse
438 1281 563 1322 audio
604 1283 647 1322 et
678 1295 851 1322 causam
883 1280 1022 1334 ipsam
1055 1279 1296 1333 considero,
1335 1280 1436 1334 quid
1469 1280 1634 1324 aliudm

242 1340 381 1381 dicere
413 1340 569 1394 possit,
604 1354 691 1380 non
723 1339 899 1393 reperio.
956 1338 1135 1379 Fatetur
1168 1338 1281 1379 enim
1312 1338 1486 1380 libellos
1513 1339 1586 1380 Al-

241 1400 386 1439 fenum
408 1398 621 1451 deiecisse,
647 1398 940 1438 vadimonium
966 1397 1229 1451 promisisse,
1254 1397 1457 1438 iudicium
1485 1398 1587 1452 quin

243 1457 454 1511 acciperet
479 1457 526 1498 in
558 1471 607 1498 ea
637 1456 733 1511 ipsa
764 1457 907 1509 verba,
940 1470 1048 1510 quae
1082 1455 1270 1497 Naevius
1303 1456 1468 1510 edebat,
1499 1471 1587 1498 non

242 1530 473 1570 recusasse,
505 1515 568 1556 ita
588 1518 752 1556 tamen:
780 1529 898 1556 more
919 1518 961 1556 et
986 1514 1202 1569 instituto,
1228 1529 1303 1569 per
1329 1529 1426 1556 eum
1453 1515 1585 1571 magi-

243 1577 448 1627 stratum,
488 1574 560 1628 qui
593 1574 741 1615 auxilii
774 1588 902 1615 causa
934 1574 1194 1615 constitutus
1228 1576 1305 1615 est.
1360 1574 1450 1614 Aut
1481 1574 1586 1616 haec
1603 1589 1631 1617 25

241 1634 356 1674 facta
394 1648 481 1674 non
519 1633 606 1673 sint
642 1647 814 1674 necesse
847 1635 912 1673 est
945 1635 1020 1673 aut
1046 1631 1090 1674 C.
1116 1632 1334 1686 Aquilius,
1373 1633 1475 1673 talis
1508 1634 1601 1687 vir,

240 1691 407 1732 iuratus
434 1691 516 1732 1106
542 1692 608 1732 ius
633 1691 678 1732 in
704 1691 878 1732 civitate
905 1691 1159 1732 constituat:
1186 1691 1304 1732 cuius
1331 1694 1586 1746 procurator

243 1752 347 1802 [non
391 1750 536 1791 omnia
574 1749 731 1791 iudicia
768 1751 975 1803 acceperit,
1014 1764 1122 1804 quae
1161 1750 1339 1804 quisque
1378 1751 1422 1791 in
1454 1751 1586 1792 verba

240 1809 488 1863 postularit,
515 1809 633 1850 cuius
654 1810 926 1863 procurator]
949 1824 974 1849 a
993 1811 1192 1863 praetore
1218 1809 1416 1850 tribunos
1443 1809 1585 1864 appel·
1678 1850 1679 1857 ,

241 1868 331 1908 lare
358 1882 487 1908 ausus
515 1867 583 1921 sit,
610 1882 706 1908 eum
732 1882 819 1909 non
845 1867 1023 1921 defendi,
1056 1868 1145 1908 eius
1172 1868 1286 1908 bona
1311 1870 1425 1909 recte
1451 1868 1584 1923 possi·
1601 1879 1633 1910 se
1660 1865 1678 1902 ,¹

242 1926 331 1966 deri
376 1941 520 1980 posse,
572 1926 610 1967 ei
654 1926 828 1980 misero,
880 1926 1067 1980 absenti,
1118 1926 1269 1981 ignaro
1314 1926 1585 1968 fortunarum

243 1999 418 2026 suarum
451 1985 595 2026 omnia
622 1985 737 2026 Vitae
764 1988 1019 2026 ornamenta
1050 1999 1126 2040 per
1158 1999 1373 2026 summum
1407 1986 1584 2028 dedecus

183 2068 190 2081 2
242 2046 284 2084 et
309 2044 593 2099 ignominiam
628 2044 763 2099 deripi
795 2044 1032 2086 convenire.
1089 2043 1210 2092 Quod
1243 2044 1279 2085 si
1310 2044 1486 2099 probari
1517 2059 1585 2086 ne-

241 2102 348 2143 mini
379 2105 541 2157 potest,
579 2103 687 2144 illud
720 2105 833 2144 certe
865 2102 1042 2157 probari
1074 2103 1272 2144 omnibus
1304 2117 1476 2145 necesse
1509 2106 1585 2158 est,
1674 2138 1675 2142 ,

242 2161 462 2202 defensum
490 2176 582 2202 esse
608 2162 763 2203 iudicio
792 2162 1013 2203 absentem
1041 2160 1296 2210 Quinctium.
1342 2161 1464 2210 Quod
1490 2177 1584 2204 cum
1601 2177 1630 2204 35
1673 2161 1683 2193 ‘³

240 2219 302 2260 ita
342 2220 416 2274 sit,
455 2235 505 2261 ex
544 2221 681 2262 edicto
717 2221 831 2262 bona
862 2234 1063 2275 possessa
1094 2234 1181 2261 non
1213 2223 1323 2261 sunt.
1380 2221 1441 2261 At
1473 2221 1584 2262 enim
1672 2227 1674 2235 ⁴

240 2278 403 2318 tribuni
447 2279 587 2332 plebis
628 2294 681 2320 ne
719 2279 948 2320 audierunt
986 2279 1168 2333 quidem.
1229 2278 1404 2329 Fateor,
1450 2280 1483 2320 si
1523 2280 1584 2320 ita
