1618 2584
208 61 268 101 80
335 60 428 95 PRO
445 61 546 96 SEX.
562 60 731 95 ROSCIO
747 60 969 95 AMERINO
987 60 1060 94 OR.
1108 60 1145 97 C.
1161 64 1216 104 52,
1241 65 1284 96 53
1303 64 1322 103 ξ
1338 65 1531 97 151—1542

211 171 308 198 cum
340 157 553 212 proelium
585 156 880 209 committunt,
911 158 958 197 ut
990 156 1035 196 in
1068 171 1116 198 eo
1148 157 1261 210 1000,
1293 171 1376 210 quo
1408 156 1554 212 fugam

211 215 405 257 hostium
442 216 534 257 fore
567 215 849 267 arbitrentur,
891 215 1050 256 milites
1091 215 1320 269 collocent,
1357 215 1402 256 in
1440 230 1554 271 quos,

214 274 250 315 si
283 275 355 328 qui
387 289 437 316 ex
469 274 557 315 acie
588 273 794 328 fugerint,
826 273 876 314 de
907 273 1141 327 improviso
1174 273 1376 315 incidant.
1425 273 1554 316 Nimi-
1612 322 1615 334 y

214 348 308 374 rum
348 333 548 374 similiter
586 332 852 373 arbitrantur
885 332 960 373 isti
993 333 1203 373 bonorum
1236 334 1450 386 emptores
1482 347 1553 375 vos

213 392 295 445 1110,
327 392 437 432 tales
464 391 592 444 viros,
625 391 782 443 sedere,
815 391 887 445 qui
912 391 1134 445 excipiatis
1167 405 1251 443 eOS,
1285 391 1356 445 qui
1389 391 1439 432 de
1471 392 1584 436 suis5

214 450 410 491 manibus
453 450 693 504 effugerint.
748 449 805 490 Di
841 449 1116 503 prohibeant,
1160 449 1338 503 iudices,
1378 464 1430 491 ne
1468 450 1556 505 hoc,

216 509 328 564 quod
375 509 560 550 maiores
604 508 831 550 consilium
869 508 1088 563 publicum
1134 508 1277 550 vocari
1321 508 1556 564 voluerunt,

147 579 212 610 152
238 567 499 621 praesidium
533 569 747 608 sectorum
779 566 1063 608 existimetur!
1121 566 1191 608 An
1228 581 1348 621 vero,
1389 567 1556 622 iudices,

215 640 291 668 vos
323 641 409 667 non
434 626 690 681 intellegitis
722 625 831 666 nihil
858 625 973 667 aliud
1000 625 1082 680 agi,
1114 625 1199 670 nisi
1224 628 1272 667 ut
1298 626 1555 680 proscripto-

215 700 311 726 rum
337 685 464 726 liberi
492 685 642 739 quavis
669 685 836 726 ratione
862 684 1085 738 tollantur,
1115 687 1157 725 et
1184 684 1273 725 eius
1301 686 1361 725 rei
1389 684 1613 730 11111111111111

216 743 260 784 111
300 746 443 785 vestro
481 744 573 785 iure
609 743 789 784 iurando
819 746 956 797 atque
995 744 1039 784 in
1074 741 1166 784 SeX.
1205 742 1334 784 Rosci
1373 744 1556 798 periculo

217 802 392 856 quaeri?
442 801 685 843 Dubiumne
713 801 792 856 est,
822 802 875 843 ad
902 817 1023 856 quem
1054 801 1310 843 maleficium
1335 801 1557 858 pertineat,
1584 832 1592 840 .

217 876 312 902 cum
349 861 530 902 videatis
571 875 621 902 ex
659 861 797 902 altera
836 864 959 916 parte
996 863 1217 915 sectorem,
1248 860 1478 915 inimicum,
1510 861 1557 902 si-

218 920 379 961 carium
436 919 700 973 eundemque
756 922 1049 961 accusatorem
1104 918 1185 961 hoc
1239 922 1449 974 tempore,
1511 935 1557 961 ex

217 979 354 1020 altera
393 981 516 1033 parte
555 981 769 1033 egentem,
806 979 1036 1032 probatum
1075 978 1162 1019 suis
1201 977 1356 1031 filium,
1395 978 1440 1019 in
1479 993 1555 1033 quo
1572 997 1597 1023 15

216 1051 302 1079 non
334 1037 460 1078 modo
494 1037 620 1091 culpa
651 1037 783 1090 nulla,
816 1037 888 1078 sed
920 1052 972 1078 ne
1005 1037 1189 1091 suspicio
1218 1037 1388 1091 quidem
1419 1036 1557 1092 potuit

218 1096 479 1138 consistere?
547 1094 768 1150 Numquid
806 1096 874 1137 hic
913 1096 1029 1137 aliud
1068 1096 1220 1137 videtis
1261 1096 1433 1137 obstare
1471 1096 1554 1140 Sex.

242 1154 411 1208 Roscio,
442 1154 526 1196 nisi
559 1155 671 1209 quod
703 1154 839 1209 patris
872 1155 985 1196 bona
1016 1155 1270 1195 venierunt?

146 1196 214 1278 ᾖξ’
307 1213 466 1262 Quodsi
504 1213 547 1254 id
584 1228 660 1255 vos
699 1213 915 1267 suscipitis
957 1216 999 1254 et
1032 1213 1084 1254 ad
1118 1228 1211 1255 eam
1244 1227 1332 1254 rem
1367 1227 1536 1268 operam

241 1275 432 1314 vestram
458 1272 733 1326 profitemini,
760 1272 795 1313 si
820 1272 978 1314 idcirco
1000 1272 1168 1326 sedetis,
1194 1274 1241 1313 ut
1263 1272 1315 1313 ad
1336 1286 1412 1313 vos
1434 1271 1556 1314 addu-
1571 1290 1595 1316 2o

218 1334 369 1372 cantur
402 1346 549 1372 eorum
582 1330 724 1384 liberi,
757 1345 939 1385 quorum
971 1331 1084 1372 bona
1123 1331 1367 1384 venierunt,
1406 1333 1557 1386 cavete,

218 1404 293 1445 per
343 1389 443 1431 deos
493 1390 778 1444 immortales,
834 1390 1011 1443 iudices,
1066 1404 1118 1431 ne
1166 1404 1279 1431 nova
1328 1391 1371 1430 et
1426 1389 1556 1432 multo

219 1449 429 1490 crudelior
461 1463 537 1503 per
566 1463 643 1490 vos
676 1448 934 1503 proscriptio
961 1449 1203 1490 instaurata
1236 1463 1328 1489 esse
1356 1448 1556 1490 videatur.

218 1507 346 1548 Illam
378 1507 578 1562 priorem,
611 1522 719 1562 quae
747 1507 863 1549 facta
889 1510 955 1549 est
980 1507 1025 1548 in
1051 1522 1135 1562 eos,
1168 1507 1240 1562 qui
1267 1522 1387 1548 arma
1412 1521 1556 1562 capere

218 1568 470 1621 potuerunt,
510 1569 655 1608 tamen
693 1568 866 1607 senatus
908 1567 1123 1621 suscipere
1165 1566 1322 1619 noluit,
1365 1580 1418 1607 ne
1463 1565 1556 1620 quid
1570 1581 1591 1608 2!

219 1626 370 1678 acrius,
403 1640 531 1679 quam
564 1640 682 1666 more
714 1625 924 1666 maiorum
956 1628 1251 1679 comparatum
1284 1627 1360 1679 est,
1392 1624 1555 1680 publico
1598 1638 1601 1679 'g

219 1684 398 1725 consilio
429 1683 593 1725 factum
626 1683 859 1737 videretur,
900 1684 1010 1725 hanc
1041 1699 1159 1737 vero,
1192 1698 1299 1738 quae
1332 1683 1385 1725 ad
1417 1698 1556 1725 eorum
1604 1691 1605 1716 1

219 1743 378 1784 liberos
417 1744 545 1796 atque
579 1742 631 1783 ad
662 1742 892 1783 infantium
926 1757 1154 1797 puerorum
1187 1743 1445 1784 incunabula
1472 1757 1556 1797 per-

219 1802 341 1855 tinet,
373 1801 457 1842 nisi
488 1801 570 1842 1100
601 1801 755 1843 iudicio
789 1816 814 1842 a
845 1802 967 1842 vobis
999 1802 1159 1843 reicitis
1193 1805 1236 1842 et
1263 1800 1555 1856 aspernamini,

218 1860 376 1914 videte,
409 1874 485 1915 per
517 1860 617 1901 deos
649 1860 928 1913 immortales,
961 1875 1086 1914 quem
1118 1861 1162 1901 in
1195 1861 1336 1902 locum
1368 1875 1457 1902 rem
1488 1874 1554 1914 pu·
1569 1875 1587 1900 31

219 1919 377 1961 blicam
409 1921 711 1973 perventuram
745 1919 920 1973 putetis!
1595 1953 1597 1959 s

152 1987 216 2018 154
308 1977 515 2019 Homines
549 1977 763 2033 sapientes
798 1981 840 2019 et
871 1978 956 2019 ista
988 1978 1246 2020 auctoritate
1279 1981 1322 2019 et
1347 1979 1554 2033 potestate
1594 1991 1595 2014 1

218 2036 449 2091 praeditos,
482 2052 565 2090 qua
597 2051 672 2079 vos
700 2036 823 2090 estis,
856 2052 905 2078 ex
939 2037 1099 2091 quibus„
1125 2037 1251 2078 rebus
1280 2037 1464 2078 maxime
1495 2049 1554 2077 res
1593 2065 1594 2070 ,

219 2095 392 2149 publica
418 2096 601 2149 laborat,
627 2096 678 2136 iis
705 2096 890 2137 maxime
917 2096 1076 2137 mederi
1102 2096 1310 2137 convenit.
1360 2095 1556 2137 Vestrum

219 2169 344 2196 nemo
390 2157 474 2209 est,
525 2154 627 2209 quin
670 2154 898 2210 intellegat
941 2155 1148 2209 populum
1190 2155 1447 2208 Romanum,
1490 2151 1593 2211 quia(

221 2213 436 2267 quondam
492 2213 536 2254 in
591 2213 738 2255 hostes
788 2214 1032 2254 lenissimus
1083 2213 1427 2263 existimabatur,
1481 2212 1555 2253 hoo
1590 2213 1593 2265 j

222 2275 415 2326 tempore
443 2272 676 2314 domestica
709 2272 961 2314 crudelitate
994 2272 1202 2314 laborare.
1266 2272 1388 2313 Hanc
1419 2270 1554 2312 tollite

1450 2507 1618 2584 *ml
