1675 2574
515 102 615 138 CAP.
637 107 750 138 9—11
777 107 796 145 g
822 107 970 139 33—89.
1358 107 1407 148 11

73 199 196 241 disse.
246 196 425 250 Quaeso,
458 197 503 240 O.
523 198 671 252 Aquili
698 212 871 252 vosque,
904 198 977 252 qui
1007 198 1111 239 estis
1143 198 1188 240 in
1220 200 1412 254 consilio,

0 306 3 311 ,
72 260 138 312 ut,
170 255 270 311 quid
295 256 516 311 pollicitus
543 257 636 310 sim,
663 256 892 312 diligenter
917 257 1148 298 memoriae
1179 257 1411 312 mandetis3

0 319 12 358 ².
73 314 229 359 etenim
260 328 351 355 rem
383 314 552 357 facilius
584 318 723 356 totam
750 315 980 370 accipietis,
1013 315 1049 356 si
1073 315 1179 357 haec
1211 317 1411 358 memine-

72 373 185 427 ritis,
217 375 260 414 et
286 387 352 414 me
383 372 509 415 facile
540 376 686 415 vestra
718 374 1033 416 existimatione
1064 374 1342 429 revocabitis,
1375 375 1412 416 si

9 461 12 467 ·
74 435 194 475 extra
230 430 309 473 hos
343 432 553 474 cancellos
592 432 737 487 egredi
774 433 980 487 conabor,
1024 447 1131 487 quos
1169 433 1277 474 mihi
1320 434 1412 487 ipse

73 489 339 533 circumdedi.
388 489 513 545 Nego
538 490 671 532 fuisse
698 505 882 545 causam,
914 505 989 534 cur
1013 491 1268 546 postularet,
1299 506 1410 547 nego

73 563 123 590 ex
160 548 296 590 edicto
337 549 554 602 possidere
588 549 798 603 potuisse,
834 564 946 605 nego
978 550 1232 605 possedisse.
1293 550 1412 592 Haec

71 607 157 649 tria
187 621 282 649 cum
315 607 514 661 docuero,
545 621 761 662 peror.aro

188 664 286 707 Non
310 664 394 706 fuit
420 680 560 720 causa,
592 680 666 708 cur
691 667 947 720 postulares.
993 667 1074 716 Qui
1102 668 1183 710 hoc
1214 668 1458 725 intellegi3

71 724 246 781 potest?
297 723 406 772 Quia
432 723 525 766 Sex.
550 722 715 766 Naevio
740 739 876 778 neque
910 740 960 766 ex
993 726 1212 768 societatis
1245 727 1412 768 ratione

70 797 206 838 neque
232 782 436 838 privatim
464 783 692 837 quicquam
719 783 866 824 debuit
892 783 1127 849 Quinctius.
1179 784 1281 834 Quis
1314 786 1412 827 huic

71 842 134 884 rei
169 842 294 884 testis
334 842 429 883 est?
490 841 628 895 Idem,
667 842 740 896 qui
773 843 1004 883 acerrimus
1043 844 1332 900 adversarius3
1367 845 1413 886 in

70 900 181 943 hanc
206 915 296 942 rem
324 903 386 956 te,
416 903 478 954 te,
509 900 702 955 inquam,
734 903 907 954 testem,
938 900 1094 956 Naevi,
1126 902 1280 944 citabo.
1325 903 1410 944 An-

69 973 174 1001 num
214 962 257 1001 et
298 973 346 1001 eo
388 959 546 1000 diutius
587 962 688 1014 post
728 962 913 1001 mortem
955 959 1000 1002 C.
1033 959 1204 1008 Quincti
1244 961 1328 1002 fuit
1367 961 1411 1002 in

71 1016 215 1060 Gallia
240 1020 381 1059 tecum
408 1018 536 1059 81111111
568 1017 802 1066 Quinctius.
858 1018 974 1060 Doce
1006 1021 1048 1060 te
1080 1020 1243 1073 petisse
1276 1021 1329 1061 ab
1363 1034 1412 1062 eo

69 1076 200 1118 istam
226 1077 367 1118 nescio
395 1091 522 1131 quam
547 1076 904 1118 innumerabilem
934 1078 1172 1132 pecuniam,
1205 1079 1306 1120 doce
1339 1079 1412 1119 ali-

71 1135 238 1190 quando
283 1135 544 1177 mentionem
587 1135 756 1189 fecisse,
807 1135 963 1177 dixisse
1007 1136 1170 1190 deberi3
1216 1137 1411 1178 debuisse

70 1194 309 1236 concedam.
364 1193 548 1236 Moritur
575 1193 620 1236 C.
645 1193 882 1248 Quinctius,
914 1194 987 1248 qui
1012 1194 1105 1249 tibi,
1137 1197 1186 1236 ut
1219 1195 1293 1250 ais,
1326 1210 1411 1237 cer-

70 1252 126 1294 tis
164 1252 409 1294 nominibus
443 1253 649 1309 grandem
680 1253 906 1308 pecuniam
938 1253 1097 1294 debuit.
1151 1252 1288 1295 Heres
1322 1255 1411 1295 eius

70 1310 117 1353 P.
143 1309 367 1360 Quinctius
402 1311 447 1352 in
479 1311 667 1353 Galliam
700 1312 753 1353 ad
784 1314 838 1357 te.
857 1312 1000 1366 ipsum
1031 1312 1150 1353 venit
1180 1312 1227 1353 in
1258 1326 1411 1368 agrum

70 1384 356 1424 communem,
396 1384 444 1411 eo
478 1370 676 1424 denique,
713 1370 787 1411 ubi
816 1385 903 1411 non
935 1371 1061 1412 modo
1094 1385 1162 1412 res
1195 1374 1305 1423 erat,
1339 1371 1412 1412 sed

69 1429 181 1471 ratio
208 1442 376 1494 quoque
399 1429 538 1470 omnis
565 1431 607 1470 et
634 1443 780 1470 omnes
807 1429 990 1470 litterae.
1029 1428 1132 1477 Quis
1157 1432 1250 1471 tam
1280 1405 1411 1471 disso-

70 1488 187 1529 lutus
213 1487 259 1528 in
282 1501 328 1528 re
352 1487 560 1528 familiari
587 1487 752 1542 fuisset,
784 1488 878 1553 (11118
911 1490 1004 1529 tam
1034 1488 1282 1543 neglegens,
1316 1489 1411 1542 (11118

69 1548 161 1588 tam
186 1545 262 1599 tui,
295 1544 432 1600 Sexte,
465 1545 700 1600 dissimilis,
732 1546 817 1600 qui,
849 1561 945 1587 cum
970 1560 1038 1588 res
1065 1547 1119 1598 ab
1146 1561 1207 1601 eo,
1241 1547 1412 1601 quicum

0 850 12 1291 §fifffla--rffln-==

0 1323 12 1350 Ξ

68 1663 280 1717 heredem,
300 1677 396 1704 cum
412 1663 599 1717 primum
619 1663 811 1717 vidisset,
830 1664 1056 1705 certiorem
1074 1663 1247 1717 faceret,
1268 1665 1413 1719 appel-

68 1722 197 1776 laret,
228 1721 439 1763 rationem
469 1722 660 1775 afferret,
698 1722 734 1762 si
766 1721 867 1776 quid
897 1722 943 1763 in
974 1723 1314 1763 controversiam
1345 1737 1412 1764 ve-

69 1780 193 1835 niret,
224 1783 300 1822 aut
323 1780 439 1821 intra
464 1780 650 1835 parietes
684 1783 759 1821 aut
791 1795 958 1822 summo
990 1781 1082 1822 iure
1115 1781 1412 1836 experiretur?

70 1838 192 1881 Itane
221 1839 316 1881 est?
349 1839 462 1894 quod
493 1839 575 1880 viri
608 1839 763 1894 optimi
793 1839 976 1893 faciunt,
1009 1839 1045 1880 si
1078 1840 1150 1893 qui
1184 1854 1283 1881 81108
1316 1855 1412 1894 pro-

70 1897 254 1953 pinquos
291 1912 340 1939 ac
377 1898 641 1939 necessarios
680 1912 802 1939 caros
841 1900 884 1938 et
920 1898 1126 1939 honestos
1159 1912 1251 1939 esse
1284 1900 1413 1952 atque

70 1955 221 1998 haberi
245 1957 406 2010 volunt,
437 1956 480 1997 id
513 1954 605 1997 Sex.
630 1956 819 1997 Naevius
851 1971 939 1998 non
968 1956 1141 2010 faceret,
1174 1957 1247 2010 qui
1278 1971 1412 2010 usque

74 2029 122 2057 eo
146 2014 285 2057 fervet
309 2014 530 2069 ferturque
558 2015 754 2069 avaritia,
784 2019 834 2056 ut
860 2015 910 2056 de
945 2015 1032 2056 suis
1066 2014 1302 2056 commodis
1336 2015 1413 2056 ali-

72 2087 200 2140 quam
224 2076 394 2128 partem
419 2074 526 2115 velit
554 2074 836 2126 committere,
866 2088 920 2115 ne
953 2088 1082 2127 quam
1113 2076 1283 2128 partem
1314 2073 1413 2116 huic

71 2132 311 2199 propinquo
349 2146 426 2174 suo
464 2132 595 2173 ullius
635 2131 878 2173 ornamenti
914 2132 1161 2186 relinquat?
1201 2134 1244 2172 et
1274 2132 1311 2173 is
1343 2146 1413 2187 pe-

73 2191 251 2246 cuniam,
278 2190 314 2232 si
341 2205 425 2245 qua
451 2191 687 2240 deberetur,
714 2205 801 2231 non
826 2193 1006 2245 peteret,
1039 2190 1122 2245 qui,
1156 2190 1266 2245 quia,
1300 2190 1414 2245 quod

73 2248 262 2291 debitum
281 2264 517 2304 numquam
537 2252 614 2303 est,
640 2224 687 2290 id⁷
705 2249 854 2290 datum
872 2263 960 2290 non
980 2251 1058 2304 est,
1083 2263 1170 2290 non
1189 2249 1413 2315 pecuniam

72 2308 216 2359 modo,
247 2322 394 2350 verum
421 2309 552 2350 etiam
583 2307 771 2350 11011111118
803 2307 1036 2363 propinqui
1068 2307 1324 2363 sanguinem
1355 2307 1413 2349 vi-

0 1382 14 1764 3⁴35<33J=¹ssae=5

0 1796 17 2355 φῐεπῒ-ιφεέεξρ

1430 644 1478 683 11

1439 1204 1481 1235 38

71 1579 368 1658 contraxisset,
393 1605 641 1646 recessisset
661 1607 703 1645 et
723 1605 776 1646 ad
796 1605 996 1646 heredem
1021 1605 1301 1660 pervenisset,
1325 1616 1435 1647 non'
1491 1659 1498 1666 .

1439 2140 1482 2171 39
