1618 2584
390 268 478 302 ΜΒ.
500 268 533 302 V
579 266 680 302 CAP.
708 271 764 310 51,
791 270 834 301 52
860 269 879 308 ς
908 268 1101 300 133—138.
1330 264 1416 304 479

80 365 180 407 deos
212 363 490 406 immortalis!
533 362 635 417 quid
665 362 804 404 facere
836 360 1010 416 posset?
1062 358 1168 401 Cum
1200 359 1281 400 tibi
1313 359 1417 400 haec

80 424 255 465 diceret:
289 422 369 463 ‘Tu
394 422 438 463 in
463 421 683 476 provincia
717 420 865 474 populi
889 418 1073 460 Romani
1104 420 1290 472 praetor,
1322 432 1417 458 cum

78 482 160 523 tibi
180 481 460 523 maritumum
486 480 647 521 bellum
675 481 787 520 esset
814 477 1211 531 administrandum,
1237 475 1418 516 Mamer-

79 540 196 593 tinis,
229 555 279 581 ex
304 539 473 581 foedere
501 553 629 592 quam
656 537 870 589 deberent,
901 551 1054 577 navem
1080 550 1156 590 per
1184 534 1418 575 triennium

44 598 302 652 sremisisti,
346 598 427 639 tibi
470 597 583 650 apud
627 596 796 637 eosdem
840 595 1012 649 privata
1054 593 1176 635 navis
1222 592 1419 634 oneraria

79 658 267 699 maxima
286 656 456 711 publice
477 658 543 696 est
564 654 798 708 aedificata,
823 656 872 694 tu
892 668 917 694 a
943 653 1191 694 civitatibus
1217 651 1418 706 pecunias

80 716 230 758 classis
266 715 441 757 nomine
479 713 678 769 coegisti,
718 715 765 753 tu
804 712 943 766 pretio
982 711 1166 766 remiges
1205 709 1419 763 dimisisti,

79 778 144 828 tu,
175 774 298 815 navis
331 788 427 815 cuin
460 775 572 813 esset
605 772 657 812 ab
691 773 918 826 quaestore
952 772 994 810 et
1026 770 1080 811 ab
1114 770 1258 824 legato
1292 771 1420 822 capta

79 833 353 889 praedonum,
385 831 692 885 archipiratam
720 831 772 871 ab
801 829 934 871 oculis
962 828 1153 870 omnium
1184 827 1419 880 removisti,

27 905 60 930 10
80 897 145 946 tu,
187 891 259 945 qui
296 890 408 932 cives
446 890 631 931 Romani
669 903 760 930 esse
800 888 1056 940 dicerentur,
1098 886 1171 940 qui
1209 901 1234 927 a
1270 885 1419 927 multis

81 952 452 1005 cognoscerentur,
485 948 622 989 securi
647 947 774 988 ferire
801 946 994 1001 potuisti,
1026 948 1073 986 tu
1099 949 1219 986 tuam
1246 944 1419 986 domum

80 1009 244 1064 piratas
283 1008 508 1061 abducere,
546 1009 594 1048 tu
630 1006 675 1047 in
712 1005 914 1047 iudicium
953 1004 1260 1059 archipiratam
1294 1003 1419 1044 domo

80 1068 313 1122 producere
340 1080 467 1108 ausus
495 1080 552 1119 es,
576 1068 624 1106 tu
651 1065 694 1105 in
719 1064 940 1119 provincia
965 1066 1054 1104 tam
1082 1062 1317 1117 splendida,
1349 1064 1397 1102 tu
1426 1069 1486 1101 137

82 1126 193 1180 apud
219 1125 357 1167 socios
382 1124 668 1177 fidelissimos,
695 1124 807 1165 cives
834 1123 1052 1164 Romanos
1078 1120 1421 1174 honestissimos,

28 1197 61 1223 15
81 1185 126 1225 in
170 1187 287 1226 metu
329 1184 604 1238 periculoque
649 1182 893 1236 provinciae
936 1181 1024 1222 dies
1063 1180 1287 1222 continuos
1326 1193 1421 1220 con-

81 1244 226 1298 plures
261 1243 307 1283 in
338 1243 464 1283 litore
497 1241 787 1294 conviviisque
819 1240 1006 1292 iacuisti,
1044 1241 1087 1280 te
1119 1253 1195 1293 per
1226 1252 1299 1279 eos
1332 1237 1420 1277 dies

81 1316 205 1343 nemo
227 1304 326 1342 tuae
354 1300 469 1341 domi
495 1300 732 1353 convenire,
757 1313 882 1340 nemo
908 1298 953 1338 in
977 1297 1072 1339 foro
1098 1297 1242 1338 videre
1268 1295 1422 1350 potuit,

81 1363 129 1401 tu
168 1360 381 1401 sociorum
420 1361 548 1412 atque
587 1358 821 1400 amicorum
861 1356 913 1398 ad
951 1371 1001 1398 ea
1033 1355 1229 1397 convivia
1261 1357 1421 1395 matres

80 1419 270 1460 familias
298 1418 544 1470 adhibuisti,
576 1419 624 1458 tu
653 1417 765 1458 inter
798 1416 886 1457 eius
919 1414 1035 1456 modi
1067 1414 1268 1455 mulieres
1300 1427 1422 1467 prae-

29 1489 63 1515 20
83 1480 295 1519 textatum
340 1479 462 1518 tuum
501 1476 659 1527 filium,
700 1477 901 1528 nepotem
940 1488 1100 1526 meum,
1143 1471 1422 1524 collocavisti,

82 1539 130 1578 ut
181 1535 314 1577 aetati
363 1535 547 1576 maxime
590 1534 780 1575 lubricae
825 1536 952 1586 atque
995 1531 1183 1573 incertae
1228 1530 1423 1584 exempla

81 1595 299 1648 nequitiae
336 1593 528 1648 parentis
560 1592 652 1634 vita
683 1592 926 1646 praeberet,
964 1593 1013 1631 tu
1043 1592 1217 1643 praetor
1248 1589 1294 1630 in
1324 1602 1422 1642 pro-

82 1653 222 1695 vincia
266 1667 362 1695 cum
406 1652 551 1693 tunica
593 1651 812 1706 pallioque
855 1663 1069 1704 purpureo
1110 1648 1227 1689 visus
1269 1661 1331 1701 es,
1374 1649 1422 1687 tu

83 1714 260 1767 propter
287 1726 477 1753 amorem
502 1710 811 1763 libidinemque
837 1711 957 1749 tuam
989 1707 1216 1762 imperium
1248 1706 1422 1747 navium

30 1783 64 1808 25
84 1772 229 1825 legato
256 1769 406 1824 populi
432 1769 617 1810 Romani
650 1767 860 1820 ademisti,
893 1766 1160 1820 Syracusano
1193 1764 1424 1817 tradidisti,

44 1843 52 1849 ·
83 1830 148 1870 tui
185 1828 346 1870 milites
384 1828 429 1869 in
463 1827 683 1881 provincia
715 1826 860 1868 Sicilia
892 1825 1090 1880 frugibus
1121 1824 1423 1877 frumentoque

85 1890 330 1941 caruerunt,
372 1889 449 1928 tua
492 1885 657 1927 luxurie
700 1888 828 1939 atque
867 1884 1050 1926 avaritia
1088 1882 1237 1925 classis
1274 1881 1424 1937 populi

84 1946 270 1988 Romani
313 1960 339 1987 a
381 1945 669 2000 praedonibus
714 1946 840 1998 capta
884 1945 927 1984 et
963 1942 1137 1984 incensa
1175 1944 1259 1995 est3
1302 1942 1402 1995 post
1430 1947 1494 1979 138

86 2004 318 2059 Syracusas
354 2003 547 2045 conditas
581 2017 707 2057 quem
738 2003 783 2043 in
815 2004 988 2057 portum
1019 2015 1253 2053 numquam
1285 1999 1424 2040 hostis

33 2075 67 2101 30
87 2065 337 2116 accesserat,
368 2062 414 2103 in
445 2076 493 2103 eo
526 2064 569 2102 te
601 2064 798 2116 praetore
830 2060 1017 2114 primum
1049 2059 1216 2114 piratae
1247 2058 1424 2112 naviga—

85 2125 253 2175 verunt3
280 2135 416 2175 neque
436 2120 541 2162 haec
561 2122 628 2161 tot
649 2122 691 2160 et
711 2122 835 2160 tanta
856 2119 1059 2159 dedecora
1083 2116 1424 2158 dissimulatione

85 2183 161 2222 tua
195 2194 332 2234 neque
365 2179 582 2221 oblivione
614 2178 837 2219 hominum
869 2192 918 2218 ac
949 2176 1247 2218 taciturnitate
1279 2178 1424 2229 tegere

85 2239 275 2293 voluisti,
308 2238 380 2279 sed
413 2238 545 2279 etiam
575 2237 750 2278 navium
782 2236 1021 2291 praefectos
1054 2235 1143 2276 sine
1175 2235 1266 2275 ulla
1297 2247 1426 2274 causa

88 2297 137 2338 de
170 2297 379 2352 conplexu
410 2298 638 2351 parentum
671 2310 863 2348 suorum,
897 2294 1118 2348 hospitum
1150 2295 1341 2343 tuorum,
1373 2291 1424 2332 ad

33 2367 67 2393 ³5
88 2358 271 2397 mortem
298 2356 617 2409 cruciatumque
649 2354 850 2408 rapuisti3
882 2367 1017 2407 neque
1050 2355 1092 2393 te
1124 2352 1169 2392 in
1199 2353 1427 2405 parentum

87 2415 206 2456 luctu
233 2417 360 2468 atque
387 2414 576 2456 lacrimis
603 2413 687 2454 mei
711 2412 897 2454 nominis
931 2409 1282 2453 commemoratio
1316 2408 1426 2449 miti-

88 2473 227 2529 gavit3
265 2473 347 2514 tibi
382 2473 606 2514 hominum
644 2471 934 2513 innocentium
975 2469 1150 2524 sanguis
1182 2483 1269 2509 non
1299 2467 1425 2508 modo
