1618 2584
41 571 58 598 ὅ

26 865 59 890 10

28 1159 59 1184 15

28 1453 62 1478 20

29 1746 63 1771 25

32 2039 64 2065 80

33 2332 66 2358 85

371 229 459 263 LIB.
488 228 537 264 lV
582 228 682 264 CAP.
709 233 846 263 57—59
874 232 892 270 ᾖ
922 232 1113 262 1‘28—133.
1328 227 1415 268 419

78 325 191 381 quod
222 339 392 367 mensas
424 324 658 380 Delphicas
691 339 713 365 e
745 338 976 377 marmore,
1015 325 1203 365 crateras
1237 338 1286 364 ex
1320 338 1416 365 aere

77 384 404 440 pulcherrimas,
448 384 534 424 vim
580 383 809 424 maximam
854 397 1055 424 vasorum
1094 380 1416 423 Corinthiorum

78 457 127 484 ex
154 443 350 484 omnibus
379 442 554 484 aedibus
582 441 712 483 sacris
741 441 923 482 abstulit
949 439 1184 495 Syracusis.
1228 440 1393 494 Itaque,
1422 449 1486 479 132

77 501 254 555 iudices,
298 501 346 555 ii,
391 501 463 555 qui
506 500 701 555 hospites
743 500 796 541 ad
834 514 901 554 ea,
946 513 1053 553 quae
1093 499 1268 540 visenda
1306 501 1417 551 sunt,

78 560 220 602 solent
258 560 409 601 ducere
448 562 490 600 et
527 573 659 600 unum
697 558 881 612 quidque
921 558 1162 611 ostendere,
1207 572 1312 611 quos
1351 557 1417 597 illi

78 622 360 674 mystagogos
404 620 577 670 vocant,
622 631 872 658 conversam
915 616 1002 658 iam
1045 617 1209 657 habent
1248 615 1417 657 demon-

78 678 333 719 strationem
360 691 492 718 suam.
542 674 669 729 Nam,
700 678 749 716 ut
781 678 880 716 ante
914 675 1282 729 demonstrabant,
1315 673 1417 728 quid

77 736 234 790 ubique
273 738 401 789 esset,
444 735 549 776 item
586 748 715 788 nunc,
755 734 856 788 quid
893 734 1079 788 undique
1118 734 1311 775 ablatum
1350 733 1419 786 sit,

79 794 322 837 ostendunt.

167 853 276 901 Quid
302 852 425 894 tum?
458 851 714 893 mediocrine
740 851 915 892 tandem
942 851 1089 892 dolore
1121 847 1194 892 ecs
1227 851 1418 892 adfectos

79 926 170 953 esse
198 911 499 953 arbitramini?
555 909 655 951 Non
680 910 743 951 ita
772 912 850 964 est,
881 909 1052 963 iudices,
1084 909 1273 964 primum
1307 909 1419 963 quod

80 985 226 1012 omnes
270 970 480 1025 religione
524 971 749 1010 moventur
793 971 836 1010 et
881 969 980 1010 deos
1020 968 1203 1022 patrios,
1249 982 1355 1022 quos
1396 983 1420 1008 a

79 1029 315 1071 maioribus
343 1030 609 1083 acceperunt,
641 1027 841 1069 colendos
869 1027 952 1068 sibi
985 1027 1215 1081 diligenter
1248 1030 1290 1068 et
1322 1026 1420 1067 reti-

79 1088 240 1129 nendos
292 1102 383 1129 esse
428 1087 712 1140 arbitrantur3
764 1086 912 1127 deinde
955 1086 1025 1127 hic
1070 1088 1266 1136 ornatus,
1316 1085 1420 1126 haec

81 1161 211 1202 opera
249 1149 377 1201 atque
416 1146 615 1199 artificia,
661 1145 801 1200 signa,
842 1145 1016 1186 tabulae
1054 1144 1195 1199 pictae
1234 1144 1420 1185 Graecos

81 1206 273 1247 homines
318 1205 450 1246 nimio
497 1218 623 1259 opere
669 1204 892 1245 delectant.
960 1203 1112 1257 Itaque
1154 1218 1204 1244 ex
1245 1203 1420 1244 illorum

81 1264 358 1318 querimoniis
411 1263 664 1317 intellegere
715 1276 962 1316 possumUS,
1017 1262 1122 1303 haec
1171 1261 1258 1302 illis
1310 1276 1421 1302 acer-

80 1323 272 1364 bissuma
311 1322 462 1375 videri,
502 1336 608 1376 quae
643 1321 827 1362 forsitan
857 1321 981 1362 nobis
1015 1320 1127 1361 levia
1160 1322 1202 1361 et
1234 1322 1421 1361 contem-

81 1382 219 1423 nenda
251 1395 343 1423 esse
375 1381 611 1422 videantur.
666 1379 775 1420 Mihi
807 1379 984 1433 credite,
1015 1379 1192 1432 iudices,
1227 1378 1422 1434 (tametsi

81 1443 247 1482 vosmet
296 1440 413 1493 ipsos
462 1440 568 1480 haec
618 1438 765 1480 eadem
815 1438 961 1479 audire
1012 1440 1127 1479 certo
1173 1437 1280 1492 scio)
1326 1452 1421 1479 cum

82 1500 242 1540 multas
269 1498 510 1553 acceperint
535 1512 611 1552 per
636 1498 765 1539 hosce
792 1511 926 1538 annos
953 1497 1058 1537 socii
1090 1499 1218 1550 atque
1251 1498 1422 1537 exterae

81 1558 280 1599 nationes
301 1557 571 1599 calamitates
599 1560 642 1597 et
667 1556 858 1609 iniurias,
884 1556 1026 1596 nullas
1049 1554 1201 1596 Graeci
1226 1555 1421 1596 homines

84 1617 256 1673 gravius
283 1616 427 1657 ferunt
454 1631 503 1657 ac
529 1615 721 1656 tulerunt
751 1629 879 1668 quam
911 1614 1086 1655 huiusce
1118 1613 1235 1654 modi
1268 1613 1422 1668 spolia-

82 1675 221 1717 tiones
268 1675 466 1716 fanorum
513 1677 641 1728 atque
680 1673 946 1728 oppidorum.
1008 1672 1127 1714 Licet
1164 1672 1246 1713 iste
1286 1672 1399 1713 dicat
1427 1674 1492 1705 133

84 1734 237 1776 emisse
262 1748 318 1787 se,
345 1734 470 1775 sicuti
497 1733 608 1774 solet
635 1732 783 1786 dicere,
810 1732 968 1773 credite
994 1731 1075 1773 hoc
1102 1731 1220 1784 mihi,
1246 1731 1422 1772 iudices:

84 1793 202 1835 nulla
246 1807 450 1846 umquam
492 1792 643 1834 civitas
682 1794 776 1832 tota
808 1791 914 1832 Asia
952 1792 995 1831 et
1033 1789 1213 1831 Graecia
1251 1789 1422 1845 signum

84 1852 236 1905 ullum,
279 1852 474 1892 tabulam
513 1851 673 1905 pictam
710 1850 857 1903 ullam,
904 1849 1042 1890 ullum
1082 1849 1261 1901 denique
1300 1863 1423 1889 orna-

84 1913 275 1952 mentum
316 1910 435 1951 urbis
475 1924 552 1951 sua
589 1909 813 1950 voluntate
852 1908 1050 1962 cuiquam
1088 1907 1297 1961 vendidit;
1340 1907 1424 1947 nisi

83 1969 194 2011 forte
239 1968 515 2021 existimatis,
559 1971 843 2023 posteaquam
881 1967 1037 2008 iudicia
1076 1981 1223 2007 severa
1261 1965 1423 2007 Romae

84 2028 176 2069 fieri
214 2027 448 2081 desierunt,
486 2026 669 2068 Graecos
707 2025 903 2067 homines
940 2026 1045 2066 haec
1082 2025 1303 2066 venditare
1336 2039 1424 2065 coe-

84 2087 215 2141 pisse,
266 2101 373 2141 quae
416 2089 509 2127 tum
553 2100 639 2127 non
682 2085 808 2126 modo
852 2099 939 2126 non
982 2084 1279 2137 venditabant,
1330 2098 1424 2124 cum

84 2145 241 2187 iudicia
266 2145 441 2198 fiebant,
470 2159 618 2185 verum
645 2143 776 2184 etiam
802 2143 1070 2196 coemebant3
1103 2145 1177 2183 aut
1202 2142 1286 2182 nisi
1316 2141 1425 2182 arbi-

84 2204 261 2246 tramini
298 2203 343 2245 L.
377 2202 552 2256 Crasso,
597 2202 643 2251 Q.
676 2200 923 2253 Scaevolae,
964 2200 1008 2242 C.
1042 2200 1240 2254 Claudio,
1278 2203 1426 2254 poten-

83 2263 264 2304 tissimis
306 2262 572 2315 hominibus,
618 2276 798 2315 quorum
843 2260 1086 2302 aedilitates
1126 2259 1425 2301 ornatissimas

86 2322 280 2375 vidimus,
312 2322 616 2363 commercium
641 2320 824 2361 istarum
850 2334 993 2360 rerum
1025 2334 1121 2360 eum
1146 2318 1318 2359 Graecis
1351 2318 1426 2358 ho-

85 2381 273 2422 minibus
309 2395 396 2422 non
427 2380 577 2432 fuisse,
615 2379 687 2433 iis,
725 2379 798 2433 qui
829 2381 928 2432 post
959 2378 1214 2419 iudiciorum
1247 2376 1426 2417 dissolu-

86 2439 247 2481 tionem
281 2439 437 2480 aediles
470 2438 575 2480 facti
607 2440 725 2487 sunt,
756 2436 900 2478 fuisse.

1072 2504 1142 2535 07*

1074 2529 1090 2538 u
