1618 2584
119 612 200 643 96.

122 1226 163 1258 97

125 2051 168 2083 98

187 247 275 287 464
589 247 637 281 IN
663 246 700 280 O.
721 245 923 279 VERREM
948 245 1053 280 ACT.
1081 246 1124 280 ΙΙ.

187 356 317 384 naves
348 342 641 396 reliquissent,
680 340 875 382 accedere
907 341 1117 395 incipiunt
1150 341 1239 393 [ad]
1274 340 1526 395 Syracusas3
1556 352 1558 354 ’

190 401 262 456 qui
281 401 479 442 videlicet
500 414 625 454 saepe
652 399 871 440 audissent
895 399 1003 440 nihil
1031 414 1122 440 esse
1148 400 1369 454 pulchrius
1397 415 1525 454 quam

190 459 498 513 Syracusarum
536 458 706 499 moenia
744 472 792 499 ac
823 460 992 511 portus,
1032 460 1275 499 statuerant
1307 473 1370 513 se,
1409 459 1445 499 si
1477 473 1526 499 ea

192 519 324 560 Verre
355 519 552 571 praetore
583 531 669 558 non
701 516 926 570 vidissent,
958 531 1191 570 numquam
1225 531 1316 558 esse
1346 517 1526 558 visuros

192 577 254 619 Ac
298 577 434 630 primo
480 576 533 616 ad
575 575 653 616 illa
690 575 854 616 aestiva
891 576 1103 629 praetoris
1144 575 1349 617 accedunt
1385 576 1561 630 ipsam5

190 637 311 676 illam
350 634 402 675 ad
436 636 605 689 partem
637 633 796 687 litoris,
833 633 907 674 ubi
938 634 1020 675 iste
1053 648 1128 688 per
1160 647 1232 675 eos
1265 634 1354 675 dies
1386 634 1527 675 taber-

190 693 354 735 naculis
375 693 528 747 positis
547 695 689 734 castra
709 692 901 733 luxuriae
920 693 1176 734 conlocarat.
1210 691 1343 740 Quem
1360 695 1528 747 postea-

191 767 319 807 quam
335 752 506 793 inanem
527 752 668 793 locum
684 751 950 792 offenderunt
972 753 1013 791 et
1033 754 1276 805 praetorem
1290 766 1528 793 commosse

191 826 240 852 ex
268 825 316 852 eo
342 811 437 852 loco
465 812 609 851 castra
641 812 876 862 senserunt,
910 809 1059 850 statim
1091 810 1180 850 sine
1212 810 1302 851 ullo
1336 813 1453 851 metu
1484 809 1529 851 in

189 870 332 925 ipsum
369 871 542 923 portum
580 871 805 923 penetrare
844 870 1085 923 coeperunt.
1141 867 1248 910 Cum
1280 868 1325 909 in
1355 871 1528 923 portum
1549 881 1579 906 ιο
1615 894 1618 917 ,

191 929 297 982 (1100,
322 928 493 981 iudices,
522 925 856 982 (explanandum
877 930 942 968 est
965 927 1077 968 enim
1104 927 1354 982 diligentius
1382 941 1528 968 eorum

191 1002 337 1042 causa,
377 987 449 1041 qui
487 987 628 1028 locum
666 983 890 1041 ignorant)
928 986 972 1026 in
1008 986 1159 1026 urbem
1198 986 1290 1027 dico
1324 988 1452 1040 atque
1483 985 1529 1027 in

191 1047 310 1088 urbis
357 1046 570 1086 intumam
612 1047 781 1098 partem
826 1044 992 1085 venisse
1035 1044 1211 1099 piratas.
1278 1043 1379 1086 Non
1416 1044 1528 1085 enim

190 1108 319 1160 portu
356 1104 464 1145 illud
503 1103 707 1158 oppidum
745 1103 975 1157 clauditur,
1014 1103 1087 1144 secl
1118 1103 1223 1144 urbe
1254 1105 1406 1157 portus
1436 1103 1528 1158 ipse

192 1163 379 1219 cingitur
406 1165 448 1203 et
474 1162 730 1214 continetur,
761 1165 809 1202 ut
838 1176 923 1202 non
956 1162 1188 1203 adluantur
1219 1162 1329 1202 mari
1361 1162 1530 1203 moenia
1550 1174 1580 1201 15
1609 1186 1618 1209 ῃ

193 1226 396 1276 extrema,
430 1221 503 1262 sed
529 1221 620 1275 ipse
646 1221 799 1261 influat
830 1220 874 1260 in
906 1220 1024 1262 urbis
1058 1221 1198 1261 sinum
1229 1223 1393 1275 portus,
1448 1220 1530 1262 Hic

192 1284 235 1323 te
261 1283 460 1335 praetore
486 1279 696 1320 Heracleo
723 1279 865 1333 pirata
897 1294 991 1320 cum
1025 1282 1230 1333 quattuor
1262 1280 1530 1333 myoparoni-

192 1341 271 1381 bus
301 1339 446 1394 parvis
480 1338 532 1379 ad
565 1338 790 1379 arbitrium
823 1352 946 1378 suum
977 1338 1211 1392 navigavit.
1266 1337 1350 1379 Pro
1382 1338 1424 1378 di
1455 1338 1531 1379 im-

193 1398 416 1440 mortales!
472 1396 678 1451 piraticus
731 1411 956 1451 myoparo,
1013 1411 1109 1437 cum
1160 1396 1329 1450 imperii
1381 1396 1531 1451 populi

192 1456 378 1498 Romani
415 1469 571 1497 nomen
608 1469 657 1496 ac
687 1455 825 1496 fasces
858 1457 1001 1496 essent
1035 1453 1274 1508 Syracusis,
1311 1470 1445 1509 usque
1478 1455 1531 1497 ad
1548 1468 1580 1494 2⁰
1604 1480 1618 1504 ,Ο

192 1515 334 1557 forum
355 1513 720 1568 Syracusanorum
748 1516 790 1554 et
816 1514 869 1554 ad
895 1513 1033 1554 omnis
1060 1513 1296 1567 crepidines
1322 1514 1440 1555 urbis
1467 1529 1531 1556 ac·
1588 1523 1593 1565 1

194 1575 341 1627 cessit,
398 1587 481 1627 quo
531 1586 667 1626 neque
718 1570 1141 1626 Carthaginiensium
1192 1572 1531 1627 gloriosissimae
1590 1594 1592 1605 ·

193 1634 371 1686 classes,
409 1646 505 1673 cum
543 1631 652 1671 mari
690 1631 924 1685 plurimum
962 1633 1182 1685 poterant,
1221 1631 1367 1672 multis
1404 1631 1530 1672 bellis

194 1706 320 1745 saepe
371 1692 549 1732 conatae
599 1704 802 1743 umquam
854 1689 1074 1743 adspirare
1120 1691 1352 1743 potuerunt
1394 1705 1530 1744 neque

192 1749 342 1805 populi
374 1748 558 1790 Romani
595 1748 756 1790 invicta
793 1750 891 1789 ante
929 1751 972 1789 16
1010 1750 1252 1802 praetorem
1285 1748 1425 1803 gloria
1455 1749 1579 1790 111615
1600 1773 1613 1798 ,5

193 1808 361 1850 navalis
411 1822 615 1861 umquam
659 1809 726 1848 tot
768 1807 938 1848 Punicis
983 1805 1360 1861 Siciliensibusque
1404 1807 1529 1848 bellis

193 1869 419 1921 penetrare
462 1865 623 1920 potuit3
667 1865 739 1919 qui
784 1866 901 1906 locus
941 1865 1029 1906 eius
1068 1865 1182 1906 modi
1221 1868 1303 1919 est,
1346 1868 1395 1907 ut
1433 1868 1530 1907 ante

195 1924 451 1980 Syracusani
476 1924 521 1964 in
550 1924 773 1964 moenibus
806 1923 905 1977 suis,
937 1923 982 1964 111
1012 1924 1129 1977 urbe,
1160 1924 1205 1964 in
1236 1924 1329 1965 foro
1362 1924 1531 1966 hostem
1587 1956 1588 1960 ,

196 1986 410 2025 armatum
450 1997 498 2024 ac
534 1982 742 2024 victorem
781 1997 908 2036 quam
940 1982 984 2023 in
1015 1985 1143 2037 portu
1176 1983 1309 2024 ullam
1341 1983 1529 2025 hostium

194 2057 347 2084 navem
374 2041 570 2083 viderint.
620 2041 702 2083 Hic
727 2043 771 2082 te
796 2043 994 2094 praetore
1020 2041 1283 2095 praedonum
1311 2041 1530 2084 naviculae
1547 2052 1576 2078 3⁰
1595 2066 1609 2091 30

194 2102 456 2156 pervagatae
495 2103 610 2154 sunt,
648 2114 732 2154 quo
759 2099 1087 2141 Atheniensium
1127 2100 1277 2141 0163313
1310 2101 1403 2141 3016
1434 2102 1531 2155 post
1586 2139 1587 2143 ,
1616 2132 1618 2136 -

194 2161 418 2201 hominum
462 2158 714 2200 memoriam
753 2169 836 2200 CCC
873 2159 1054 2200 navibus
1093 2159 1135 2199 vi
1173 2173 1222 2200 ac
1259 2159 1531 2200 multitudine
1585 2164 1618 2198 1

194 2218 372 2271 invasit,
405 2232 512 2271 quae
537 2218 582 2259 in
611 2232 659 2259 eo
691 2217 786 2272 ipso
818 2219 946 2272 portu
979 2217 1062 2259 loci
1093 2217 1227 2271 ipsius
1262 2218 1530 2273 [portusque]
1614 2234 1618 2271 1

194 2280 351 2318 11611116
388 2276 500 2318 victa
537 2278 664 2331 atque
703 2279 905 2329 superata
943 2278 1019 2317 est.
1086 2275 1168 2318 Hic
1205 2276 1392 2330 primum
1431 2290 1530 2331 opes
1614 2293 1618 2331 1

195 2335 311 2376 illius
344 2334 532 2377 civitatis
565 2335 852 2376 comminutae
886 2335 1194 2389 depressaeque
1226 2337 1343 2388 sunt,
1379 2335 1423 2376 in
1453 2335 1529 2376 hoc
1547 2334 1618 2389 35'355

196 2396 324 2447 portu
350 2393 680 2435 Atheniensium
714 2393 975 2445 nobilitatis,
1013 2392 1199 2447 imperii,
1240 2393 1403 2448 gloriae
1434 2408 1531 2435 nau·
1612 2425 1618 2448 ς

1610 2483 1618 2509 1

128 2455 180 2497 38
195 2452 383 2507 fragium
420 2452 582 2494 factum
616 2451 897 2494 existimatur.
954 2450 1074 2493 Eone
1106 2451 1250 2505 pirata
1282 2451 1530 2506 penetravit,
