1618 2584
431 37 534 72 CAP.
564 41 699 72 13-15
726 41 744 80 ἓ
771 41 920 72 42-49.
1264 19 1346 76 113

10 133 116 177 Mihi
155 133 267 174 enim
299 133 468 174 videtur
499 133 734 188 periculum
766 133 874 186 fore,
912 146 964 173 ne
997 132 1070 172 ille
1102 146 1189 172 non
1220 131 1346 172 modo

10 191 150 235 verbis
194 193 237 232 te
282 191 455 245 obruat,
500 191 573 232 sed
618 195 742 246 gestu
779 191 873 245 ipso
913 205 961 232 ac
999 192 1119 231 motu
1157 189 1346 243 corporis

10 249 303 306 praestringat
328 250 463 291 aciem
488 250 651 305 ingenii
675 250 740 290 tui
771 252 896 303 teque
929 249 983 290 ab
1014 248 1228 289 institutis
1261 248 1347 288 tuis

11 308 430 364 cogitationibusque
454 308 647 349 abducat.
691 308 835 362 Atque
855 307 1030 348 huiusce
1055 307 1117 348 rei
1142 306 1346 347 iudicium

11 368 95 409 iam
120 366 322 408 continuo
350 367 471 408 video
503 366 708 407 futurum.
765 366 810 407 Si
842 366 954 407 enim
987 365 1093 406 mihi
1124 365 1250 406 hodie
1282 379 1348 405 re—

10 425 216 480 spondere
260 425 314 466 ad
356 425 480 478 haec,
524 439 632 479 quae
677 424 789 477 dico,
833 424 1043 478 potueris,
1087 424 1124 465 si
1167 424 1220 465 ab
1261 423 1346 464 isto

9 484 137 537 libro,
175 497 300 536 quem
338 483 421 524 tibi
459 483 666 538 magister
703 483 793 523 ludi
829 483 972 524 nescio
1009 482 1080 536 qui
1112 497 1163 523 ex
1195 481 1347 523 alienis

9 541 274 585 orationibus
314 541 600 596 compositum
640 541 770 592 dedit,
809 541 940 582 verbo
973 556 1056 582 11110
1090 540 1348 594 discesseris,

8 614 133 656 posse
170 603 213 641 te
252 602 294 641 et
330 600 398 640 illi
438 614 604 654 quoque
635 599 790 640 iudicio
822 613 910 640 non
942 599 1087 640 deesse
1121 602 1163 640 et
1195 613 1347 640 causae

11 662 136 713 atque
174 658 314 700 officio
352 661 427 699 tuo
467 658 573 699 satis
609 657 749 699 facere
782 658 1045 711 arbitrabor3
1084 658 1151 698 sin
1182 672 1347 699 mecum

8 718 52 760 in
77 717 157 758 hac
184 716 430 770 prolusione
455 716 564 757 nihil
590 716 734 770 fueris,
767 731 893 770 quem
925 719 968 769 te
1000 717 1045 756 in
1076 716 1172 769 ipsa
1202 730 1348 770 pugna

8 791 102 819 cum
136 776 342 817 acerrimo
376 775 622 817 adversaiio
653 775 746 816 fore
779 775 1008 828 putemus?

1373 313 1415 344 47

94 833 345 888 Est031pse
370 834 480 875 nihil
506 836 583 887 est,
613 833 722 874 nihil
749 836 912 888 potest3
946 835 991 873 at
1021 806 1139 874 venit
1170 835 1347 887 paratus
1366 836 1420 877 15

9 908 103 935 cum
128 893 493 947 subscriptoribus
521 892 763 934 exe1cltat1s
790 894 833 933 et
860 891 1041 932 discitis.
1090 891 1172 932 Est
1203 894 1350 932 tamen

10 952 89 993 hoc
134 951 313 1005 aliquid,
360 951 537 992 tametsi
579 965 666 992 non
710 953 775 991 est
819 950 944 1004 satis,
992 951 1190 991 omnibus
1237 950 1350 990 enim

9 1010 134 1052 rebus
160 1010 215 1064 is,
249 1010 321 1064 qui
352 1010 549 1064 princeps
581 1009 626 1050 in
658 1009 822 1064 agendo
856 1012 938 1062 est,
971 1009 1274 1050 ornatissimus
1307 1011 1349 1049 et

9 1068 308 1124 paratissimus
335 1083 427 1109 esse
457 1069 594 1109 debet.
643 1067 804 1109 Verum
836 1070 983 1108 tamen
1014 1067 1059 1108 L.
1087 1067 1349 1122 Appuleium

10 1142 100 1169 esse
144 1127 266 1168 video
310 1127 554 1182 proximum
600 1126 953 1180 subscriptorem,
999 1126 1219 1167 hominem
1262 1140 1349 1166 non

10 1188 167 1240 aetate,
212 1185 286 1227 sed
325 1200 406 1227 usu
442 1185 604 1226 forensi
642 1188 770 1239 atque
811 1185 1115 1226 exercitatione
1152 1185 1349 1226 tironem.

10 1244 188 1297 Deinde,
232 1246 281 1285 ut
320 1244 488 1299 opinor,
533 1244 664 1285 habet
702 1243 922 1297 Alienum,
960 1244 1073 1284 hunc
1110 1246 1257 1284 tamen
1295 1243 1348 1284 ab

11 1303 242 1357 subselliis,
276 1303 349 1357 qui
375 1302 477 1356 quid
501 1302 546 1343 in
578 1302 753 1343 dicendo
785 1304 944 1356 posset,
974 1316 1211 1356 numquam
1243 1302 1348 1342 satis

10 1362 185 1414 attendi,
216 1362 262 1402 in
287 1361 512 1403 clamando
540 1361 710 1414 quidem
736 1361 858 1402 video
892 1375 988 1402 eum
1022 1375 1114 1401 esse
1145 1361 1253 1401 bene
1285 1374 1350 1401 ro-

10 1420 182 1462 bustum
226 1422 355 1474 atque
400 1420 691 1461 exercitatum.
757 1419 808 1460 In
848 1419 929 1460 hoc
970 1433 1067 1474 spes
1108 1422 1208 1460 tuae
1250 1421 1350 1460 sunt

12 1493 174 1532 omnes,
211 1479 300 1532 hic,
340 1479 376 1519 si
407 1481 456 1519 tu
487 1478 570 1519 eris
604 1481 723 1519 actor
755 1478 1032 1531 constitutus,
1070 1480 1212 1519 totum
1243 1477 1349 1518 iudi-

13 1537 120 1579 cium
158 1537 402 1578 sustinebit.
464 1536 524 1578 At
561 1551 614 1578 ne
645 1537 682 1577 is
715 1536 884 1590 quidem
917 1538 1089 1577 tantum
1121 1536 1350 1577 contendet

10 1596 54 1638 in
78 1596 266 1648 dicendo,
299 1598 507 1650 quantum
539 1597 695 1649 potest,
727 1595 800 1635 sed
832 1595 1027 1636 consulet
1059 1594 1176 1635 laudi
1209 1597 1252 1635 et
1284 1609 1350 1634 ex—

11 1654 266 1696 istimationi
291 1656 390 1695 tuae
418 1656 460 1695 et
487 1669 536 1695 ex
563 1668 624 1707 eo,
657 1653 770 1708 quod
795 1653 887 1708 ipse
913 1655 1059 1707 potest
1083 1653 1129 1693 in
1161 1652 1349 1705 dicendo,

12 1713 278 1768 aliquantum
304 1713 508 1766 remittet,
538 1714 588 1753 ut
613 1714 661 1753 tu
686 1714 832 1753 tamen
859 1711 1022 1766 aliquid
1050 1725 1141 1752 esse
1167 1711 1348 1752 videare.

11 1770 70 1813 Ut
107 1771 152 1814 in
192 1772 410 1814 actoribus
449 1771 624 1813 Graecis
660 1770 755 1811 fieri
791 1770 1002 1824 videmus,
1048 1784 1174 1824 saepe
1213 1770 1349 1822 11111111,

13 1830 83 1885 qui
107 1833 172 1872 est
198 1831 478 1872 secundarum
506 1832 580 1871 aut
604 1829 833 1870 tertiarum
857 1829 1060 1884 partium,
1089 1843 1185 1871 cum
1210 1828 1350 1883 possit

13 1889 230 1944 aliquanto
258 1889 416 1931 clarius
444 1889 581 1930 dicere
608 1903 737 1942 quam
761 1888 853 1942 ipse
881 1888 1132 1942 primarum,
1164 1887 1350 1928 multum

14 1948 298 2002 summittere,
335 1950 384 1988 ut
420 1947 495 1988 ille
532 1947 729 2001 princeps
769 1961 897 2000 quam
935 1946 1121 1988 maxime
1157 1946 1350 1999 excellat,

13 2005 72 2048 sic
117 2006 246 2048 faciet
289 2006 488 2059 Alienus,
537 2005 619 2046 tibi
670 2005 842 2059 serviet,
892 2005 974 2046 tibi
1023 2004 1349 2057 lenocinabitur,

12 2064 148 2106 minus
193 2065 415 2120 aliquanto
457 2064 703 2117 contendet,
748 2078 876 2117 quam
914 2065 1071 2118 potest.
1136 2062 1231 2105 Iam
1267 2062 1349 2104 hoc

14 2124 292 2177 considerate,
332 2123 450 2165 cuius
488 2123 604 2164 modi
643 2125 912 2164 accusatores
949 2122 995 2162 in
1031 2124 1155 2163 tanto
1192 2121 1348 2163 iudicio

14 2180 142 2223 simus
177 2182 389 2235 habituri,
427 2197 523 2223 cum
555 2183 598 2222 et
629 2181 720 2235 ipse
752 2181 932 2222 Alienus
965 2195 1016 2222 ex
1047 2195 1098 2221 ea
1128 2179 1349 2233 facultate,

13 2239 51 2281 si
91 2255 218 2295 quam
258 2241 407 2291 habet,
452 2240 721 2294 aliquantum
761 2239 1029 2281 detracturus
1069 2239 1125 2280 sit
1164 2241 1207 2279 et
1245 2237 1349 2280 Cae-

79 2314 211 2342 61011.
245 2318 267 2341 1.
1044 2311 1064 2342 8

1376 1250 1419 1281 48

1375 2069 1420 2100 49
