1675 2574
466 100 567 135 CAP.
593 105 731 137 20—22
757 105 776 144 §e
802 106 951 137 57—62.
1318 105 1370 144 51

38 312 183 368 Usque
208 326 257 354 eo
284 312 580 367 animadverti,
612 314 783 367 iudices,
816 329 910 355 eum
939 314 1072 356 iocari
1104 317 1233 369 atque
1266 315 1374 356 alias

25 385 104 414 res
145 385 289 427 agere,
334 373 564 425 antequam
603 371 930 428 Chrysogonum
966 373 1203 428 nominavi3
1249 388 1374 427 quem

20 416 29 450 ‘¹
39 430 163 473 simul
187 431 315 483 atque
342 430 483 485 attigi,
510 431 659 472 statim
684 431 814 473 homo
842 445 886 473 se
913 432 1058 485 erexit,
1083 431 1231 473 mirari
1256 432 1373 473 visus

21 491 113 554 est.
165 487 377 542 Intellexi,
408 488 508 542 quid
535 503 630 530 eum
656 490 922 544 pupugisset.
977 489 1139 532 Iterum
1166 505 1214 532 ac
1243 490 1373 531 tertio

22 546 264 615 anominavi.
318 545 477 588 Postea
502 547 696 589 homines
724 563 894 590 cursare
925 549 1040 590 ultro
1074 551 1116 590 et
1147 549 1255 591 citro
1287 563 1374 590 non

22 606 309 659 destiterunt,
356 605 499 658 credo,
544 606 616 659 qui
660 605 942 662 Chrysogono
985 608 1237 649 nuntiarent
1280 622 1373 649 esse

22 650 220 719 aliquem
247 664 292 705 in
318 663 503 717 civitate,
537 665 608 718 qui
635 667 786 706 contra
813 666 1082 707 voluntatem
1115 667 1204 707 eius
1237 666 1373 717 dicere

23 723 227 776 auderet;
276 722 403 763 aliter
448 736 622 764 causam
666 723 754 778 agi,
804 725 933 777 atque
976 725 1050 765 ille
1095 725 1373 778 existimaret,

23 770 191 838 a'periri
210 781 421 823 bonorum
442 781 715 835 emptionem,
740 782 886 823 vexari
905 783 1090 837 pessime
1111 784 1372 837 societatem,

24 840 220 898 gratiam
252 839 576 894 potentiamque
609 839 699 881 eius
730 840 922 896 neglegi,
953 841 1111 882 iudices
1144 842 1374 898 diligenter

24 899 265 952 attendere,
291 899 451 953 populo
472 912 563 939 rem
588 898 810 954 indignam
835 899 996 941 videri(
1027 898 1144 948 Quae
1171 901 1372 955 quoniam

26 972 79 1005 e
119 956 384 1011 fefellerunt,
429 956 577 1010 Eruci,
621 957 907 1012 quoniamque
951 958 1069 1000 vides
1113 973 1239 1000 versa
1282 973 1375 1001 esse

26 1013 195 1070 omnia,
232 1030 405 1057 causam
436 1030 515 1070 pro
548 1014 640 1057 Sex.
666 1016 840 1069 Roscio,
873 1017 909 1057 si
939 1031 1026 1058 non
1058 1019 1296 1072 commode,
1329 1020 1375 1060 at

36 1075 168 1117 tibere
195 1074 289 1129 dici,
315 1089 439 1129 quem
467 1074 561 1115 dedi
586 1075 784 1129 putabas,
811 1075 978 1116 defendi
1003 1075 1234 1131 intellegis,
1267 1091 1373 1131 quos

30 1133 269 1185 radituros
302 1133 519 1187 sperabas,
551 1133 667 1174 vides
701 1133 899 1187 iudicare,
931 1134 1112 1176 restitue
1142 1135 1268 1176 nobis
1301 1136 1375 1176 ali-

29 1192 201 1246 louando
235 1189 434 1233 'veterem
475 1195 595 1233 tuam
633 1192 754 1234 illam
792 1193 1075 1234 calliditatem
1112 1196 1240 1248 atque
1278 1209 1375 1248 pru-

30 1246 241 1305 uentiam,
275 1251 479 1299 'confitere
517 1250 600 1292 huc
637 1265 687 1292 ea
724 1265 799 1306 spe
830 1251 1016 1305 venisse,
1055 1252 1168 1306 quod
1198 1255 1374 1306 putares

37 1309 102 1352 Ιιίο
133 1309 425 1363 latrocinium,
455 1324 542 1351 non
573 1309 775 1351 iudicium
807 1310 1011 1352 futurum.

31 1383 33 1386 ⁴
149 1368 214 1409 De
252 1367 481 1423 parricidio
520 1382 649 1410 causa
682 1369 856 1423 dicitur3
894 1369 1005 1410 ratio
1039 1369 1092 1410 ab
1126 1371 1374 1411 accusatore

56 1427 199 1469 eddita
228 1441 316 1468 non
347 1429 430 1481 est,
470 1442 597 1481 quam
631 1427 685 1468 ob
718 1442 891 1469 causam
922 1430 1091 1483 patrem
1122 1428 1236 1469 filius
1270 1428 1374 1470 oeci-

42 1486 155 1528 uerit.
222 1485 344 1534 Quod
386 1485 430 1526 in
468 1485 656 1527 minimis
694 1486 832 1527 noxiis
872 1488 915 1528 et
951 1486 996 1527 in
1032 1486 1100 1527 his
1138 1486 1372 1528 levioribus

32 1544 236 1598 neccatiS,
276 1559 384 1598 quae
420 1544 560 1600 magis
599 1544 748 1586 crebra
787 1547 829 1586 et
866 1544 951 1586 iam
990 1559 1124 1600 prope
1159 1545 1374 1587 cotidiana

6 1634 7 1638 ,
40 1606 149 1656 unt,
190 1603 257 1645 vel
295 1602 483 1644 m'axime
518 1605 560 1644 et
596 1603 783 1658 primum
822 1603 1059 1660 quaeritur,
1098 1618 1205 1657 quae
1246 1619 1374 1646 causa

33 1659 232 1704 naleficii
267 1661 415 1715 fuerit,
454 1661 498 1702 id
535 1661 715 1703 Erucius
752 1662 798 1703 in
835 1661 1064 1716 parricidio
1104 1662 1251 1716 quaeri
1288 1666 1375 1704 nen

46 1723 158 1762 utat
202 1723 418 1775 oportere,
460 1720 506 1761 in
547 1734 630 1774 quo
669 1718 844 1774 scelere,
888 1720 1066 1774 iudices,
1109 1721 1240 1762 etiam
1278 1736 1374 1763 cum

4 1859 5 1864 ι
30 1819 79 1913 Ιπθ
104 1852 336 1893 congruere
362 1836 571 1892 videntur,
604 1841 750 1879 tamen
774 1852 860 1880 non
885 1840 1046 1879 temere
1072 1838 1270 1893 creditur,
1300 1853 1374 1881 ne-

0 1972 5 1973 ’
42 1955 215 2010 ·uditur,
244 1970 380 2010 neque
406 1956 667 1997 accusatoris
692 1955 864 2011 ingenio
891 1970 959 1997 res
990 1955 1213 1997 iudicatur.
1266 1955 1371 1998 Cum

46 2014 170 2056 „ulta
214 2017 355 2056 antea·
383 2014 613 2056 commissa
651 2014 878 2068 maleficia,
922 2029 1018 2056 cum
1056 2014 1147 2056 vita
1185 2014 1372 2056 hominis

46 2073 341 2127 erditissima,
384 2075 477 2114 tum
525 2073 759 2128 singularis
799 2073 976 2115 audacia
1014 2073 1266 2114 ostendatur
1302 2088 1372 2114 ne·

0 2149 3 2170 ε
58 2145 148 2191 esse
189 2135 274 2187 est,
314 2146 451 2186 neque
495 2131 671 2173 audacia
709 2132 866 2186 solum,
910 2131 985 2173 sed
1023 2145 1213 2173 summus
1250 2132 1371 2173 furor

42 2192 162 2245 tque
187 2191 385 2232 amentia.
441 2189 559 2232 Haec
585 2205 680 2232 cum
713 2190 800 2231 sint
831 2190 992 2243 omnia,
1023 2192 1170 2232 tamen
1202 2193 1370 2232 exstent

0 2271 4 2286 ι
42 2251 203 2304 ·portet
228 2263 443 2304 ⁴expressa
482 2249 653 2291 sceleris
690 2249 892 2304 vestigia,
935 2248 1027 2303 ubi,
1071 2263 1154 2303 qua
1191 2249 1370 2304 ratione,

4 2330 7 2338 ι
45 2321 109 2351 ·er
128 2321 246 2365 quOS,
272 2322 355 2362 quo
375 2305 568 2363 tempore
589 2308 844 2350 maleficium
872 2307 930 2348 sit
956 2307 1201 2349 admissum.
1251 2307 1369 2357 Quae

943 2392 957 2408 ι
1033 2375 1083 2410 4*

19 178 260 240 Peroravit
291 195 538 250 aliquando,
576 196 759 250 adsedit3
797 197 961 238 surrexi
992 211 1084 253 ego.
1145 180 1443 264 Respirare25{

20 255 153 348 [visus
180 256 256 307 est,
289 254 402 308 quod
426 268 512 296 non
539 255 648 297 alius
674 256 819 310 potius
846 256 1014 297 diceret.
1059 254 1192 310 Coepi
1224 257 1374 298 dicere.
1415 295 1420 299 .

20 353 27 389 ἵ

1400 911 1442 942 61

1401 1490 1443 1529 62

46 1779 194 1821 uultae
225 1793 378 1821 causae
409 1793 658 1820 convenisse
689 1794 821 1820 unum
852 1779 896 1820 in
927 1779 1069 1826 locum
1101 1781 1230 1833 atque
1261 1780 1375 1821 inter
1417 1790 1422 1793 ·

30 1906 114 1939 'nue
138 1896 224 1939 levi
249 1896 493 1939 coniectura
517 1911 584 1938 res
616 1896 829 1952 penditur,
859 1911 996 1951 neque
1028 1897 1153 1938 testis
1185 1897 1373 1939 incertus
1435 1914 1438 1915 ⁷
1473 1914 1475 1916 ·
