1618 2584
380 213 470 248 LIB.
496 213 529 247 ΙΙ
568 213 668 248 CAP.
697 217 834 248 76—78
861 218 879 256 ξ
910 217 1106 248 187—192.
1328 214 1413 255 269

74 309 187 350 Fieri
223 323 309 350 non
346 312 508 362 potest,
546 312 611 363 ut,
651 324 775 363 quem
814 310 935 351 video
971 312 1014 350 te
1046 311 1245 363 praetore
1277 309 1322 349 in
1355 307 1414 349 Si-

74 369 173 409 cilia
209 367 341 408 fuisse
380 371 423 408 et
462 382 587 421 quem
626 383 674 409 ex
713 369 807 421 ipsa
845 368 1011 409 ratione
1049 368 1258 422 intellego
1298 367 1413 407 locu-

73 427 231 480 pletem
275 425 423 479 fuisse,
469 441 564 467 eum
602 429 648 468 tu
687 427 731 467 in
768 430 843 467 tua
880 426 1100 480 provincia
1136 440 1222 467 non
1261 439 1414 480 cogno-

74 485 197 525 veris.
247 484 390 538 Atque
424 485 547 537 adeo,
577 499 629 526 ne
661 485 741 526 hoc
774 488 848 525 aut
881 486 1052 540 longius
1085 487 1158 526 aut
1192 483 1414 525 obscurius

38 553 54 577 5
74 557 166 584 esse
202 543 358 597 possit,
397 544 612 597 procedite
650 544 694 583 in
727 544 912 584 medium
945 548 1073 597 atque
1105 543 1316 597 explicate
1349 542 1414 582 de-

74 602 350 655 scriptionem
389 602 705 657 imaginemque
743 602 1007 655 tabularum,
1045 605 1093 642 ut
1125 615 1271 642 omnes
1305 614 1414 641 mor-

73 660 184 700 tales
204 660 330 701 istius
357 661 563 701 avaritiae
590 674 674 700 non
700 660 786 700 iam
813 661 1008 713 vestigia,
1037 661 1109 701 sed
1136 662 1230 714 ipsa
1255 659 1415 700 cubilia

74 718 216 759 videre
257 719 437 772 possint.
499 717 666 758 Videtis
699 717 981 759 Verrucium?
1032 719 1186 759 videtis
1228 719 1389 771 primas
1421 698 1484 781 ἐξ

74 777 242 817 litteras
280 776 503 831 integras?
547 776 701 816 videtis
741 779 976 817 extremam
1014 780 1183 831 partem
1217 776 1414 827 nominis,

22 848 54 872 10
75 835 224 876 codam
268 834 389 876 illam
421 834 650 875 Verrinam
694 838 915 888 tamquam
960 835 1004 875 in
1045 836 1136 875 luto
1177 835 1415 875 demersam

74 907 166 934 esse
192 894 236 933 in
262 893 421 934 litura?
472 891 539 934 Sic
572 893 733 934 habent
767 908 810 933 se
843 893 1034 945 tabulae,
1065 893 1243 946 iudices,
1278 896 1326 934 ut
1358 893 1415 933 vi-

74 952 195 992 detis.
258 950 367 999 Quid
405 952 656 1005 expectatis,
695 952 795 1006 quid
835 952 1040 1005 quaeritis
1080 951 1295 1005 amplius?
1352 951 1414 991 Tu

73 1011 181 1064 ipse,
219 1009 395 1063 Verres,
441 1010 541 1064 quid
586 1011 722 1063 sedes,
768 1010 869 1064 quid
912 1010 1123 1051 moraris?
1186 1009 1300 1051 Nam
1342 1014 1415 1050 aut

74 1069 276 1109 exhibeas
314 1069 438 1110 nobis
468 1068 719 1110 Verrucium
758 1083 930 1110 necesse
969 1072 1034 1109 est
1073 1071 1147 1110 aut
1185 1071 1227 1109 te
1260 1068 1415 1109 Verru-

22 1139 54 1165 15
74 1128 184 1169 cium
219 1141 310 1168 esse
341 1127 516 1168 fateare.

160 1185 411 1227 Laudantur
444 1189 635 1227 oratores
668 1188 846 1239 veteres,
879 1184 1025 1227 Crassi
1056 1186 1123 1226 illi
1156 1188 1198 1226 et
1224 1185 1416 1238 Antonii,

74 1245 186 1298 quod
224 1245 403 1286 crimina
442 1244 602 1285 diluere
642 1244 840 1296 dilucide,
886 1244 998 1298 quod
1037 1244 1207 1297 copiose
1245 1258 1415 1285 reorum

74 1318 223 1344 causas
260 1303 483 1344 defendere
517 1303 716 1344 solerent.
778 1303 995 1344 Nimirum
1026 1303 1091 1343 illi
1124 1317 1211 1344 non
1241 1302 1414 1357 ingenio

74 1363 214 1403 solum
250 1362 317 1402 his
356 1362 568 1417 patronis,
609 1362 681 1403 sed
718 1361 893 1402 fortuna
931 1361 1062 1402 etiam
1094 1362 1415 1415 praestiterunt.

20 1433 54 1457 20
72 1419 211 1461 Nemo
256 1421 368 1461 enim
412 1421 474 1462 ita
516 1423 610 1461 tum
648 1420 871 1474 peccabat,
914 1423 963 1460 ut
1001 1419 1238 1461 defensioni
1274 1420 1416 1460 locum

73 1493 159 1520 non
185 1479 457 1533 relinqueret,
489 1494 614 1520 nemo
641 1479 704 1519 ita
730 1479 914 1532 vivebat,
946 1481 994 1519 ut
1025 1479 1147 1519 nulla
1180 1478 1269 1519 eius
1301 1478 1416 1519 vitae

72 1552 173 1592 pars
213 1552 403 1579 summae
441 1537 723 1592 turpitudinis
763 1540 876 1578 esset
915 1551 1082 1591 expers,
1120 1552 1246 1578 nemo
1278 1537 1342 1577 ita
1372 1537 1418 1577 in

73 1596 303 1637 manifesto
330 1599 505 1650 peccato
532 1597 771 1649 tenebatur,
797 1598 857 1648 ut,
890 1610 984 1636 eum
1010 1595 1235 1650 impudens
1260 1594 1416 1636 fuisset

73 1655 115 1695 in
136 1654 263 1707 facto,
289 1658 381 1695 tum
402 1655 692 1709 impudentior
718 1654 944 1707 videretur,
972 1654 1008 1694 si
1033 1657 1224 1709 negaret.
1267 1653 1306 1694 N
1312 1668 1392 1695 unc
1420 1661 1485 1692 192

21 1725 54 1750 25
74 1728 175 1755 vero
221 1713 321 1767 quid
359 1713 491 1754 faciat
529 1713 786 1754 Hortensius
827 1714 1101 1766 [patronus]‘?
1153 1712 1415 1753 avaritiaene

74 1772 252 1813 crimina
271 1771 539 1827 frugalitatis
561 1771 758 1812 laudibus
787 1771 1065 1825 deprecetur?
1110 1772 1171 1812 At
1196 1771 1415 1812 hominem

72 1831 473 1886 flagitiosissimum,
499 1830 900 1871 libidinosissimum
926 1830 1321 1884 nequissimumque
1350 1829 1415 1870 de-

71 1889 220 1930 fendit.
276 1890 348 1930 An
380 1890 432 1930 ab
465 1889 545 1931 hac
576 1889 701 1930 istius
733 1888 913 1929 infamia
944 1902 991 1930 ac
1021 1888 1215 1942 nequitia
1247 1890 1414 1929 vestros

74 1948 237 1989 animos
268 1948 312 1988 in
345 1948 474 1989 aliam
507 1951 676 2002 partem
706 1947 973 1988 fortitudinis
1007 1947 1414 1988 commemoratione

19 2017 53 2042 30
72 2007 298 2048 traducat?
344 2007 404 2047 At
428 2007 558 2047 homo
584 2006 776 2060 inertior,
801 2006 1012 2061 ignavior,
1045 2006 1185 2061 magis
1212 2006 1277 2046 vir
1302 2005 1414 2046 inter

73 2065 291 2119 mulieres,
328 2065 497 2118 impura
534 2065 646 2105 inter
680 2065 795 2106 viros
828 2065 1081 2106 muliercula
1113 2064 1297 2119 proferri
1329 2077 1415 2105 non

71 2126 227 2178 potest.
283 2123 343 2164 At
379 2137 518 2164 mores
552 2123 774 2164 commodi.
836 2122 939 2171 Quis
972 2124 1282 2175 contumacior,
1321 2122 1413 2175 quis

71 2182 356 2235 inhumanior,
390 2183 483 2236 quis
511 2182 764 2236 superbior?
809 2181 870 2222 At
901 2182 1007 2223 haec
1040 2182 1129 2223 sine
1162 2182 1414 2234 cuiusquam

73 2241 198 2281 malo.
257 2240 360 2289 Quis
397 2240 607 2292 acerbior,
647 2240 739 2294 quis
772 2240 1035 2294 insidiosior,
1075 2240 1169 2294 quis
1203 2239 1414 2280 crudelior

19 2309 53 2335 85
72 2313 276 2353 umquam
318 2298 429 2339 fuit‘?
491 2298 543 2339 In
585 2298 667 2340 hoc
709 2298 881 2339 homine
923 2302 1052 2352 atque
1088 2300 1134 2339 in
1171 2299 1259 2339 eius
1298 2297 1413 2338 modi

73 2372 201 2399 causa
222 2357 322 2411 quid
341 2357 533 2398 facerent
554 2371 700 2397 omnes
722 2355 868 2398 Crassi
895 2360 936 2398 et
957 2357 1166 2398 Antonii?
1214 2356 1413 2409 Tantum,

73 2415 235 2469 opinor,
268 2415 490 2457 Hortensi:
524 2416 577 2457 ad
604 2429 776 2456 causam
802 2430 888 2456 non
921 2416 1169 2457 accederent
1200 2429 1337 2468 neque
1369 2414 1412 2454 in
