1618 2584
56 868 86 891 10

54 1159 86 1185 15

51 1453 85 1478 20

51 1748 85 1773 25

49 2042 84 2067 30

49 2334 82 2359 35

440 234 527 269 Llss.
555 235 586 268 V
628 235 727 270 CAP.
750 240 886 270 27-29
913 240 932 278 ξ
959 239 1106 270 68—73.
1359 236 1446 277 455

109 329 258 384 populi
300 329 392 371 fore
437 331 752 384 suspicabatur,
796 346 890 373 cum
929 332 1050 371 tanto
1090 330 1234 383 plures
1274 331 1446 373 abducti

109 390 252 429 essent
296 402 424 442 quam
468 390 625 443 relicti,
670 391 846 444 propter
888 389 998 430 hanc
1042 403 1215 430 causam
1253 403 1349 430 cum
1386 391 1446 430 in-

109 446 323 487 stituisset
349 447 456 488 alios
484 448 568 489 alio
595 451 788 502 tempore
813 447 1057 502 producere,
1082 449 1228 488 tamen
1252 447 1298 487 in
1323 450 1445 489 tanto

109 508 320 546 conventu
351 520 476 547 nemo
510 509 619 560 erat,
655 506 757 560 quin
788 506 1001 547 rationem
1031 520 1339 559 numerumque
1370 506 1446 547 lia-

109 563 229 604 beret
273 566 316 605 et
353 565 540 618 reliquos
578 579 664 606 non
702 564 963 606 desideraret
1001 565 1159 619 solum,
1203 564 1277 605 sed
1315 564 1446 605 etiam

107 625 303 676 posceret
332 625 375 664 et
406 623 634 678 flagitaret.
680 622 787 664 Cum
820 637 1002 678 magnus
1034 637 1235 664 numerus
1268 623 1446 677 deesset,

108 683 199 721 tuin
226 681 307 722 iste
333 681 463 722 homo
489 681 679 723 nefarius
705 682 750 722 in
777 696 923 723 eorum
950 682 1104 736 locum,
1137 696 1243 736 quos
1272 681 1445 723 domum

108 753 230 779 suam
269 739 318 780 de
356 740 508 794 piratis
545 740 799 794 abduxerat,
839 741 1099 781 substituere
1132 743 1175 781 et
1207 741 1446 795 subponere

107 798 248 851 eoepit
280 798 392 839 cives
425 798 656 852 Romanos,
689 813 795 852 quos
827 799 872 839 in
903 813 1115 840 carcerem
1146 802 1275 840 antea
1307 800 1446 841 conje-

107 859 241 910 cerat3
274 870 455 910 quorum
483 857 591 898 alios
618 856 888 899 Sertorianos
915 858 1076 898 milites
1107 857 1241 898 fuisse
1272 858 1447 899 insimu-

107 914 227 955 labat
266 917 309 955 et
348 929 396 956 ex
434 915 645 970 Hispania
682 916 886 971 fugientis
926 916 978 957 ad
1011 915 1201 957 Siciliam
1242 917 1446 971 adpulsos

106 987 199 1014 esse
243 973 428 1027 dicebat,
473 974 599 1027 alios,
644 975 716 1028 qui
754 990 779 1016 a
822 975 1109 1029 praedonibus
1155 977 1277 1016 erant
1319 975 1447 1029 capti,

105 1045 202 1073 cum
252 1035 515 1074 mercaturas
564 1033 754 1074 facerent
804 1036 877 1074 aut
928 1034 1117 1087 aliquam
1168 1033 1222 1074 ob
1273 1048 1446 1075 causam

105 1091 373 1145 navigarent,
408 1106 484 1132 sua
509 1092 734 1133 voluntate
760 1106 856 1134 cum
882 1092 1034 1145 piratis
1060 1091 1193 1133 fuisse
1224 1093 1446 1147 arguebat.

106 1148 258 1203 Itaque
286 1150 360 1190 alii
387 1150 498 1191 cives
527 1150 722 1204 Romani,
748 1165 801 1191 ne
828 1153 1200 1205 cognoscerentur,
1232 1151 1446 1206 capitibus

107 1207 324 1249 obvolutis
363 1223 385 1249 e
423 1223 590 1250 carcere
623 1209 676 1250 ad
708 1210 854 1263 palum
888 1212 1017 1263 atque
1050 1210 1102 1250 ad
1134 1224 1279 1251 necem
1311 1210 1446 1264 rapie-

106 1266 281 1320 bantur,
326 1267 419 1320 alii,
463 1282 558 1308 cum
597 1282 622 1308 a
660 1268 807 1308 multis
843 1268 1006 1309 civibus
1045 1267 1253 1309 Romanis
1289 1265 1447 1323 'cogno-

107 1327 336 1379 scerentur,
358 1326 411 1366 ab
434 1326 631 1367 omnibus
653 1326 991 1379 defenderentur,
1013 1326 1149 1367 securi
1169 1326 1445 1368 feriebantur.

106 1382 296 1431 Quorum
339 1398 419 1439 ego
464 1384 514 1426 de
562 1384 839 1426 acerbissima
882 1387 1021 1426 morte
1065 1385 1446 1440 crudelissimoque

105 1442 295 1483 cruciatu
345 1443 501 1497 dicam,
550 1458 646 1485 oum
696 1458 791 1485 eum
833 1443 976 1485 locum
1018 1446 1206 1485 tractare
1255 1458 1447 1499 coepero,

106 1503 148 1541 et
179 1501 241 1541 ita
274 1501 424 1555 dicam,
458 1504 518 1555 ut,
551 1502 587 1542 si
619 1516 686 1543 me
717 1502 762 1542 in
794 1516 844 1543 ea
876 1502 1155 1556 querimonia,
1189 1516 1317 1556 quam
1350 1517 1444 1544 sum

104 1559 330 1601 habiturus
376 1560 426 1600 de
466 1560 592 1601 istius
634 1560 887 1602 crudelitate
926 1563 969 1602 et
1007 1560 1056 1601 de
1095 1560 1252 1602 civium
1290 1561 1445 1603 Roma·

103 1632 257 1659 norum
294 1618 608 1674 indignissuma
645 1621 801 1673 morte,
837 1633 923 1660 non
962 1619 1088 1660 modo
1126 1619 1258 1673 vires,
1295 1634 1443 1661 verum

105 1677 236 1718 etiam
273 1677 364 1718 vita
402 1677 587 1732 deficiat,
625 1678 668 1718 id
701 1678 806 1719 mihi
837 1678 1106 1732 praeclarum
1140 1680 1183 1719 et
1213 1678 1443 1720 iucundum

104 1738 264 1790 putem.
315 1735 432 1777 Haec
457 1736 592 1791 igitur
619 1738 686 1778 est
713 1739 837 1792 gesta
865 1751 944 1791 res,
977 1736 1082 1778 haec
1115 1736 1296 1778 victoria
1326 1752 1446 1792 prae-

105 1794 240 1847 clara3
278 1809 539 1849 myoparone
577 1795 759 1849 piratico
795 1798 921 1850 capto
955 1795 1038 1836 dux
1070 1795 1298 1850 liberatus,
1337 1810 1447 1850 sym-

104 1853 306 1907 phoniaci
345 1853 529 1895 Romam
572 1854 712 1907 missi,
754 1854 935 1895 formosi
977 1854 1174 1895 homines
1219 1857 1262 1895 et
1306 1854 1446 1896 adule-

106 1914 272 1953 scentes
312 1914 354 1952 et
392 1912 578 1954 artifices
612 1912 785 1954 domum
819 1912 1009 1966 abducti,
1047 1912 1092 1953 in
1125 1927 1272 1954 eorum
1304 1913 1445 1954 locum

105 1972 148 2011 et
165 1970 218 2011 ad
239 1985 385 2012 corum
405 1986 630 2012 numerum
651 1972 763 2013 cives
779 1971 963 2012 Romani
983 1971 1188 2012 hostilem
1207 1971 1253 2012 in
1272 1972 1446 2013 modum

105 2029 282 2070 cruciati
319 2031 362 2070 et
399 2030 557 2083 necati,
596 2030 734 2071 omnis
767 2030 899 2071 vestis
933 2030 1098 2084 ablata,
1137 2044 1261 2071 omne
1294 2045 1446 2072 aurum

104 2090 147 2128 et
179 2090 407 2143 argentum
440 2088 633 2129 ablatum
665 2091 708 2130 et
741 2103 950 2130 aversum.

1473 633 1516 664 72

1473 1746 1516 1777 73

192 2146 252 2187 At
280 2161 406 2200 quein
433 2147 487 2187 ad
513 2147 686 2188 modum
712 2147 804 2201 ipse
837 2161 880 2188 se
912 2146 1052 2187 induit
1083 2147 1226 2201 priore
1260 2145 1515 2188 actionel29

104 2204 186 2253 Qui
223 2207 291 2246 tot
330 2205 418 2246 dies
458 2205 684 2259 tacuisset,
721 2208 895 2260 repente
928 2205 973 2246 in
1004 2205 1059 2246 M.
1086 2205 1220 2259 Anni,
1258 2206 1445 2247 hominis

104 2263 457 2318 splendidissimi,
502 2264 769 2318 testimonio,
814 2279 910 2305 cum
951 2264 987 2304 is
1029 2265 1165 2305 civem
1202 2264 1445 2305 Romanum

104 2321 292 2376 dixisset,
326 2323 634 2377 archipiratam
659 2325 862 2378 negasset
889 2322 1026 2363 securi
1058 2337 1151 2364 esse
1182 2337 1445 2378 percussum,

103 2380 277 2421 exsiluit
327 2381 588 2423 conscientia
639 2382 810 2423 sceleris
856 2384 898 2423 et
941 2381 1085 2422 furore
1129 2396 1180 2422 ex
1223 2382 1444 2423 maleficiis

101 2442 308 2495 concepto
344 2441 572 2495 excitatus,
615 2440 722 2481 dixit
753 2455 816 2495 se,
856 2440 968 2495 quod
1000 2440 1129 2481 sciret
1162 2440 1245 2481 sibi
1276 2439 1445 2482 crimini
