1675 2574
495 103 596 138 CAP.
624 108 761 139 35—37
788 107 807 146 ξ
835 105 1029 139 loo—108.
1378 104 1434 146 65

31 226 35 249 2
97 199 322 254 quisquam
371 198 507 239 utitur
558 213 625 254 eo,
680 199 753 254 qui
808 199 858 241 de
914 198 1173 241 accusatoris
1228 199 1433 241 subsellio

95 257 246 313 surgit.
307 255 402 298 Huc
435 257 614 311 accedit,
653 258 765 312 quod
796 259 922 312 paulo
954 260 1101 299 tamen
1132 257 1340 299 occultior
1372 260 1434 299 at-

95 330 174 370 que
210 315 366 356 tectior
404 318 550 357 vestra
592 316 677 357 ista
720 317 931 370 cupiditas
976 318 1098 358 esset.
1165 315 1290 358 Nunc
1335 316 1436 370 quid

94 376 176 428 est,
214 373 326 428 quod
364 373 590 428 quisquam
629 389 677 416 ex
715 375 837 417 vobis
877 375 1022 417 audire
1060 374 1289 429 desideret,
1327 389 1435 429 cum,

32 471 41 486 ,‚
58 448 75 476 ε
95 446 201 487 quae
224 431 381 485 facitis,
406 432 495 473 eius
523 433 638 474 modi
664 432 763 487 sint,
787 436 835 474 ut
861 448 910 475 ea
936 433 1079 475 dedita
1103 447 1235 487 opera
1260 448 1286 474 a
1309 433 1435 475 nobis

93 492 244 533 contra
274 493 442 531 vosmet
472 491 589 544 ipsos
621 491 759 533 facere
791 492 1050 534 videamini?
1075 506 1088 516 ·

180 548 276 604 Age
300 563 412 589 nunc
437 549 514 590 illa
539 549 769 603 videamus,
800 550 972 602 iudices,
1005 565 1112 605 quae
1139 550 1290 592 statim
1316 565 1411 592 con·
1440 566 1504 596 105

93 609 238 650 secuta
269 609 380 648 sunt.
429 607 498 648 Ad
530 607 782 649 Volaterras
814 609 857 649 in
890 612 1032 651 castra
1062 609 1108 651 L.
1142 607 1286 651 Sullae
1319 623 1434 651 mors
1450 608 1504 649 37

94 664 185 708 Sex.
217 665 346 707 Rosci
378 665 626 720 quadriduo,
662 681 745 720 quo
777 667 814 708 is
846 668 1009 710 occisus
1042 671 1120 722 est,
1153 667 1435 723 Chrysogono

59 724 327 767 onuntiatur.
390 723 620 773 Quaeritur
651 725 782 766 etiam
812 740 942 779 nunc,
982 726 1076 780 quis
1110 741 1206 768 eum
1237 726 1437 768 nuntium

93 783 287 826 miserit?
313 797 453 825 nonne
478 784 749 838 perspicuum
776 786 842 825 est
868 785 1059 839 eundem,
1086 785 1159 839 qui
1184 785 1436 826 Ameriam?

42 851 43 854 ’
94 841 225 885 Curat
252 840 571 897 Chrysogonus,
601 844 651 883 ut
682 842 771 883 eius
803 843 917 884 bona
948 845 1132 885 veneant
1163 844 1332 897 statim3
1364 843 1437 898 qui

92 915 180 943 non
222 903 349 942 norat
391 900 609 942 hominem
653 903 727 942 aut
770 915 872 942 rem.
940 901 1001 942 At
1046 902 1119 956 qui
1161 903 1198 943 ei
1238 903 1355 944 venit
1392 901 1438 942 in

48 987 51 999 .
93 962 280 1001 mentem
322 959 498 1013 praedia
541 960 837 1014 concupiscere
876 959 1063 1002 hominis
1107 961 1265 1016 ignoti,
1311 974 1437 1015 quem

94 1018 266 1060 omnino
322 1032 557 1072 numquam
612 1018 808 1060 viderat?
888 1016 1065 1073 Soletis,
1120 1034 1215 1061 cum
1275 1019 1438 1073 aliquid

91 1076 266 1118 huiusce
286 1075 402 1118 modi
422 1076 615 1131 audistis,
634 1076 807 1131 iudices,
832 1077 1034 1119 continuo
1055 1077 1210 1119 dicere:
1238 1077 1293 1119 ‘N
1297 1092 1438 1120 ecesse

0 1142 7 1168 1
50 1156 54 1186 ρ
93 1138 158 1177 est
196 1135 382 1189 aliquem
420 1135 576 1177 dixisse
614 1136 871 1191 municipem
910 1138 984 1177 aut
1028 1136 1233 1191 vicinum3
1277 1137 1307 1177 ii
1351 1137 1438 1189 ple—

3 1221 8 1249 3
50 1190 57 1250 1
91 1208 270 1248 rumque
307 1193 515 1248 indicant,
551 1208 628 1249 per
666 1209 738 1236 eos
776 1195 968 1249 plerique
1006 1194 1272 1249 produntur?
1334 1194 1415 1236 Hic
1443 1209 1508 1239 106

53 1251 57 1291 ’ζ
90 1252 200 1294 nihil
231 1254 309 1306 est,
341 1252 454 1306 quod
483 1252 514 1306 †
545 1253 830 1308 suspicionem
860 1253 941 1295 hoc
971 1253 1144 1307 putetis.
1193 1253 1295 1295 Non
1325 1253 1438 1295 enim

23 1334 27 1339 ·
64 1331 71 1348 ο
95 1325 174 1367 ego
206 1311 269 1352 ita
301 1310 546 1365 disputabo:
579 1311 698 1353 ‘Veri
729 1312 868 1353 simile
894 1314 960 1353 est
984 1312 1164 1354 Roscios
1190 1312 1322 1353 istam
1348 1326 1438 1354 rem

24 1392 25 1395 ¹
57 1402 60 1428 ἰ
93 1370 147 1412 ad
173 1368 500 1424 Chrysogonum
533 1370 756 1425 detulisse3
788 1373 880 1412 erat
907 1370 1020 1412 enim
1046 1371 1107 1412 eis
1133 1386 1229 1413 cum
1255 1369 1440 1425 Chryso-

57 1429 61 1449 ²
96 1443 208 1484 gono
240 1428 327 1469 iam
360 1431 488 1470 antea
521 1429 728 1483 amicitia3
765 1444 867 1470 nam
899 1444 995 1471 cum
1021 1430 1182 1471 multos
1215 1433 1380 1471 veteres
1414 1444 1439 1471 a

61 1592 63 1598 Ι
92 1560 164 1587 eos
192 1546 330 1587 colere
357 1548 486 1600 atque
512 1546 740 1588 observare
768 1547 1025 1588 destiterunt
1050 1562 1099 1589 ac
1125 1561 1170 1588 se
1190 1548 1235 1588 in
1255 1545 1439 1601 Chryso-

0 1615 15 1642 37:
62 1646 65 1669 Ι
94 1604 196 1660 goni
225 1603 353 1645 fidem
385 1607 428 1646 et
460 1605 704 1646 clientelam
735 1604 1034 1648 contulerunt?
1084 1604 1203 1647 Haec
1237 1620 1415 1659 possum
1443 1610 1525 1650 107'

0 1674 15 1701 ii
61 1673 65 1700 ἰ
92 1662 235 1706 omnia
270 1677 369 1705 vere
407 1662 567 1717 dicere,
606 1663 679 1705 sed
709 1663 754 1705 in
784 1663 865 1706 hac
897 1677 1026 1706 causa
1056 1663 1302 1706 coniectura
1332 1664 1439 1705 nihil

60 1707 198 1790 lopus
236 1723 318 1776 est3
359 1721 477 1776 ipsos
516 1724 632 1764 certo
671 1722 758 1765 scio
795 1737 882 1764 non
911 1736 1071 1778 negare
1104 1723 1158 1764 ad
1189 1722 1294 1764 haec
1325 1723 1439 1765 bona

64 1897 307 1968 dubitare,
345 1898 523 1953 iudices,
556 1899 649 1953 quis
682 1898 910 1940 indicarit?
973 1898 1055 1947 Qui
1087 1901 1188 1940 sunt
1219 1899 1355 1954 igitur
1394 1899 1438 1940 in

64 1969 73 2054 ’ἰ

92 2073 205 2117 Num
246 2089 349 2131 ergo
383 2075 558 2116 dubium
592 2077 674 2128 est,
712 2075 814 2129 quin
844 2074 876 2115 ii
908 2075 1146 2116 obtulerint
1177 2075 1288 2116 hanc
1319 2090 1438 2129 prae-

91 2250 252 2293 factum
283 2251 611 2294 consideremus.
673 2250 718 2293 Si
748 2251 857 2292 nihil
893 2251 939 2293 in
975 2251 1060 2293 ista
1100 2265 1248 2307 pugna
1278 2251 1437 2303 Roscii,

94 1779 422 1836 Chrysogonum
461 1780 690 1823 accessisse
727 1780 916 1835 impulsu
960 1795 1050 1824 suo.
1118 1781 1164 1823 Si
1209 1796 1322 1834 eum,
1367 1782 1438 1837 qui

37 1843 40 1846 '
91 1839 235 1881 indicii
276 1842 443 1894 partem
490 1840 718 1894 acceperit,
762 1840 895 1882 oculis
937 1840 1137 1895 cernetis,
1181 1840 1438 1894 poteritisne

91 1956 186 1998 istis
213 1957 350 2010 bonis,
383 1957 537 2012 quibus
564 1959 731 2011 partem
759 1956 1067 2013 Chrysogonus
1098 1957 1291 1999 dederit?
1340 1957 1436 1999 Duo

90 2015 244 2058 Roscii.
304 2015 420 2057 Num
453 2016 650 2070 quisnam
681 2016 930 2070 praeterea?
986 2016 1125 2058 Nemo
1159 2018 1236 2070 est,
1267 2015 1437 2059 iudices.

45 2155 47 2159 Α
93 2133 189 2175 dam
215 2132 509 2190 Chrysogono,
542 2134 615 2188 qui
641 2134 695 2175 ab
724 2148 772 2175 eo
799 2136 967 2188 partem
999 2133 1182 2188 praedae
1214 2134 1437 2176 tulerunt?

71 2218 73 2220 -
134 2203 137 2205 ’
180 2191 274 2249 Age
305 2207 418 2234 nunc
445 2207 495 2234 ex
520 2192 655 2248 ipsius
683 2191 954 2248 Chrysogoni
977 2192 1133 2234 iudicio
1159 2192 1415 2234 Rosciorum
1442 2205 1509 2237 108

93 2310 205 2364 quod
236 2325 390 2366 operae
415 2310 602 2367 pretium
630 2313 755 2365 esset,
786 2309 988 2365 fecerant,
1022 2325 1151 2365 quam
1178 2311 1232 2352 ob
1260 2325 1433 2352 causam

162 2385 231 2411 cm.
250 2386 290 2411 11.
311 2387 334 2412 1.
1125 2382 1146 2412 5

59 1472 63 1560 ἶ
93 1486 327 1528 maioribus
346 1486 490 1529 Roscii
509 1490 715 1541 patronos
741 1488 1018 1542 hospitesque
1044 1488 1266 1542 haberent,
1290 1502 1438 1529 omnes

61 1602 65 1622 l
