1618 2584
392 220 480 258 LIB.
508 221 558 255 HI
602 221 704 256 CAP.
734 225 870 257 16—18
897 226 915 264 ἓ
942 226 1091 257 42--47,
1323 224 1407 265 287

66 331 192 359 1101110
229 331 434 371 umquam
472 319 572 371 post
609 317 834 359 hominum
871 317 1121 359 memoriam
1152 317 1273 373 fecit,
1311 335 1407 362 cum

67 375 150 418 sibi
175 375 220 416 111
250 375 516 429 provinciam
548 376 900 430 proficiscendum
933 378 1119 431 putaret,
1151 377 1322 419 litteras
1356 379 1408 420 ad

67 433 237 476 Siciliae
266 434 464 476 civitates
498 435 683 488 miserit,
714 449 791 490 per
823 449 929 489 quas
961 435 1162 476 hortatur
1195 440 1237 477 et
1268 441 1409 492 rogat,

66 496 114 535 ut
153 495 291 546 arent,
328 496 376 534 111
415 496 571 534 serant.
637 493 689 534 In
727 494 931 535 beneficio
970 497 1143 548 praetor
1181 494 1262 536 hoc
1300 497 1409 549 petit

31 551 289 606 saliquanto
331 554 430 593 ante
470 552 701 593 adventum
740 566 864 593 81111111
903 555 945 593 01
981 553 1109 594 81111111
1142 554 1331 595 ostendit
1364 569 1408 596 se

66 611 160 665 lege
192 609 424 652 Hieronica
461 611 752 664 venditurum,
790 610 871 652 hoc
910 614 975 652 est
1012 612 1057 652 in
1093 612 1210 653 omni
1240 613 1408 655 ratione

67 669 340 710 decumarum
376 669 486 710 nihil
518 670 643 710 istius
678 669 817 710 simile
848 669 1076 712 facturum.
1126 670 1271 725 Atque
1302 671 1408 713 haec

64 742 152 769 non
183 728 418 783 cupiditate
451 728 595 782 aliqua
629 728 778 769 scribit
809 728 1026 782 inductus,
1063 731 1112 770 ut
1142 730 1188 770 in
1221 730 1407 771 alienam

65 787 331 841 provinciam
363 786 512 827 mittat
550 787 719 828 litteras
753 789 851 827 ante
882 790 1071 842 tempus,
1110 789 1183 829 sed
1216 789 1409 843 consilio,

15 860 46 885 10
65 859 136 899 ne,
174 845 211 886 si
247 847 417 899 tempus
456 845 636 886 sationis
676 846 969 898 praeterisset,
1009 860 1190 901 granum
1229 862 1279 888 ex
1314 862 1408 901 pro-

65 903 204 945 vincia
237 902 384 945 Sicilia
419 904 587 945 nullum
622 904 890 945 haberemus.
954 903 1210 958 Cognoscite
1242 905 1408 947 Metelli
1434 916 1479 947 45

64 962 247 1004 litteras.
303 962 466 1004 Recita.
522 962 757 1004 EPISTULA
789 962 835 1003 L.
862 963 1089 1004 METELLI.

153 1021 247 1062 Hae
291 1021 481 1075 litterae,
528 1021 705 1075 iudices,
749 1021 796 1062 L.
835 1021 1019 1075 Metelli,
1065 1037 1169 1076 quas
1216 1023 1480 1077 audistis,18

64 1079 162 1134 hoc,
202 1083 412 1134 quantum
450 1082 516 1121 est
554 1095 604 1121 ex
643 1078 789 1121 Sicilia
825 1080 1030 1122 frumenti
1065 1081 1303 1136 hornotini,
1343 1097 1409 1123 ex-

14 1152 47 1178 15
67 1141 315 1192 araverunt3
354 1139 527 1195 glebam
565 1141 825 1180 commosset
862 1139 906 1179 in
942 1153 1047 1194 agro
1081 1140 1315 1182 decumano
1349 1139 1409 1181 Si-

65 1197 187 1240 ciliae
217 1212 357 1252 nemo,
390 1198 426 1238 si
451 1198 652 1239 Metellus
684 1197 795 1239 hanc
827 1197 1058 1251 epistulam
1088 1213 1176 1240 non
1208 1199 1409 1241 misisset.

67 1255 205 1304 Quid?
254 1256 433 1298 Metello
473 1257 676 1298 divinitus
708 1256 789 1298 hoc
821 1257 939 1297 venit
971 1257 1015 1297 in
1047 1260 1235 1298 mentem
1268 1273 1322 1299 an
1355 1259 1409 1299 ab

66 1313 231 1368 Siculis,
265 1315 338 1370 qui
362 1315 547 1357 Romam
576 1315 916 1369 frequentissimi
948 1319 1246 1370 convenerant,
1278 1331 1410 1372 nego-

65 1374 382 1428 tiatoribusque
409 1374 580 1416 Siciliae
607 1374 756 1415 doctus
789 1374 882 1415 est?
916 1389 1097 1428 quorum
1130 1375 1281 1428 quanti
1314 1391 1409 1417 con-

14 1446 47 1471 20
66 1435 218 1474 ventus
258 1433 311 1474 ad
342 1432 590 1487 Marcellos,
629 1432 953 1487 antiquissimos
987 1430 1157 1475 Siciliae
1189 1437 1411 1489 patronos,

68 1491 216 1546 quanti
248 1491 301 1532 ad
334 1490 409 1534 Cn.
435 1491 687 1546 Pompeium
721 1493 850 1543 [tum]
884 1492 1103 1533 consulem
1136 1492 1409 1547 designatum

66 1552 315 1604 ceterosque
340 1550 459 1591 illius
485 1550 729 1604 provinciae
755 1550 1020 1592 necessarios
1046 1550 1140 1592 fieri
1166 1551 1285 1592 soliti
1311 1552 1409 1605 sint,

67 1609 161 1663 quis
199 1609 402 1664 ignorat?
447 1609 560 1663 quod
599 1609 786 1663 quidem,
830 1609 1007 1663 iudices,
1044 1610 1165 1651 nullo
1203 1624 1409 1676 umquam

67 1668 116 1709 de
153 1667 326 1709 1101111110
363 1667 526 1709 factum
566 1670 648 1721 est,
686 1670 734 1708 ut
774 1667 927 1708 absens
963 1670 1237 1709 accusaretur
1269 1669 1323 1710 ab
1355 1669 1410 1710 iis

14 1738 46 1764 25
66 1727 223 1781 palam,
253 1741 435 1780 quorum
461 1727 505 1767 in
530 1726 645 1768 bona
670 1726 914 1780 liberosque
941 1740 1154 1768 summum
1180 1727 1409 1781 imperium

65 1788 411 1840 potestatemque
455 1785 647 1826 haberet.
715 1784 856 1826 Tanta
899 1785 964 1826 vis
1009 1787 1101 1826 erat
1144 1785 1410 1841 iniuriarum,

65 1847 114 1886 ut
155 1844 351 1886 homines
397 1844 565 1898 quidvis
603 1844 769 1898 perpeti
808 1858 937 1909 quam
973 1858 1061 1885 non
1098 1844 1148 1885 de
1182 1844 1309 1886 istius
1348 1845 1408 1885 in-

0 1919 1 1951 l
66 1903 283 1958 probitate
311 1903 534 1958 deplorare
561 1905 604 1944 et
630 1903 832 1956 conqueri
858 1902 1050 1943 mallent.
1096 1901 1210 1951 Quas
1238 1904 1408 1945 litteras
1435 1914 1479 1944 4ss

68 1975 161 2003 cum
208 1962 262 2003 ad
308 1962 447 2003 omnis
495 1961 692 2003 civitates
739 1976 872 2016 prope
921 1961 1172 2016 suppliciter
1219 1962 1410 2004 misisset

17 2031 48 2057 30
66 2020 285 2073 Metellus,
322 2023 468 2062 tamen
507 2020 732 2075 antiquum
771 2020 945 2061 modum
983 2020 1164 2062 sationis
1202 2021 1324 2062 nulla
1360 2036 1409 2062 ex

66 2081 188 2134 parte
227 2079 403 2133 adsequi
440 2079 601 2134 potuit,
646 2078 905 2134 diffugerant
943 2079 1056 2120 enim
1099 2080 1322 2134 permulti,
1366 2080 1409 2120 id

68 2138 179 2192 quod
205 2139 442 2191 ostendam,
473 2152 551 2180 nec
583 2138 722 2179 solum
756 2138 985 2191 arationes,
1018 2137 1092 2178 sed
1124 2138 1255 2179 etiam
1288 2138 1409 2179 sedes

68 2210 164 2238 suas
197 2197 362 2251 patrias
393 2197 520 2237 istius
552 2196 720 2237 iniuriis
753 2196 964 2251 exagitati
995 2196 1272 2250 reliquerant.

154 2255 253 2297 Non
290 2255 556 2297 mehercules
595 2254 779 2310 augendi
818 2254 1007 2296 criminis
1046 2269 1192 2308 causa,
1236 2255 1410 2310 iudices,

17 2324 50 2351 35
70 2313 218 2368 dicam,
248 2315 333 2369 sed,
366 2329 493 2369 quem
518 2314 611 2369 ipse
638 2313 781 2368 accepi
808 2313 942 2355 oculis
970 2313 1198 2367 animoque
1226 2328 1410 2368 sensum,

66 2371 178 2415 hunc
197 2388 294 2415 vere
315 2373 426 2428 apud
451 2387 525 2414 vos
552 2375 606 2427 et,
631 2375 680 2414 ut
704 2375 868 2426 potero,
893 2372 1157 2426 planissume
1185 2387 1407 2427 exponam.

66 2429 180 2473 Nam
212 2446 307 2473 cum
340 2432 618 2486 quadriennio
651 2433 750 2485 post
783 2431 826 2472 in
861 2430 1052 2472 Siciliam
1084 2431 1315 2486 venissem,
1349 2432 1408 2473 sic
1435 2439 1478 2470 47
