1618 2584
403 233 492 266 11115.
520 233 572 265 lll
611 233 709 266 CAP.
731 236 867 266 41—43
895 235 912 273 ξ
940 236 1113 266 95-102,
1340 233 1424 274 309

85 328 214 369 batur
233 327 338 368 ferri
364 327 509 381 aliquo
536 327 662 368 modo
690 342 827 381 posse,
853 327 1178 382 contenderunt3
1205 330 1425 382 postremo

86 386 203 427 liceri
225 386 494 428 destiterunt.
532 386 758 427 Addicitur
769 385 977 427 Venuleio
1003 386 1138 428 tritici
1164 387 1426 428 medimnum

85 457 166 486 V111
187 444 374 485 milibus.
418 444 605 498 Legatus
626 444 855 486 Posidorus
883 445 1111 486 renuntiat.
1156 444 1263 486 Cum
1291 445 1426 486 omni-

86 504 164 544 bus
186 503 267 544 1100
286 503 602 544 intolerandum
624 503 849 556 videretur,
870 506 1016 544 tamen
1030 503 1237 545 Venuleio
1259 503 1426 558 dantur,

51 574 66 600 5
85 576 137 603 ne
164 561 348 615 accedat,
374 562 509 603 tritici
534 561 728 603 modffi
755 564 797 602 et
823 564 1045 615 praeterea
1063 560 1135 603 HS
1161 565 1206 604 ῖΙ.
1249 562 1315 603 Ex
1342 577 1424 616 quo

84 620 211 662 facile
244 623 437 674 apparet,
473 635 580 674 quae
612 634 772 661 merces
807 621 1041 675 decumani,
1074 635 1181 675 quae
1213 621 1424 675 praetoris

87 693 179 719 esse
232 679 429 719 videatur
482 678 651 733 praeda.
727 678 839 719 Cedo
890 679 1267 720 Thermitanorum
1319 679 1426 720 mihi

86 738 254 778 litteras
300 740 342 778 et
385 737 692 778 testimonium.
760 737 978 778 TABULAE
1017 738 1426 780 THERMITANORUM

85 808 142 836 ET
175 807 504 837 TESTIMONIUM.
559 795 882 836 Imacharenses
915 796 1002 837 iam
1034 797 1151 837 omni
1184 797 1400 838 frumento
1430 806 1496 838 100

35 867 66 891 10
86 855 245 908 ablato,
276 854 362 895 iam
396 854 593 895 omnibus
625 854 791 895 iniuriis
823 854 910 895 tuis
943 854 1182 896 exinanitos
1214 855 1427 896 tributum

84 913 224 955 facere
250 913 430 954 miseros
457 928 505 954 ac
530 913 722 967 perditos
755 913 949 968 coegisti,
980 916 1029 954 ut
1049 914 1242 968 Apronio
1276 914 1428 955 darent

85 970 156 1013 HS
189 975 263 1013 Χῖ.
319 971 470 1013 Recita
509 975 551 1012 et
590 971 805 1013 decretum
842 972 891 1013 de
923 972 1100 1013 tributis
1133 975 1175 1013 et
1206 973 1426 1026 publicum

84 1030 394 1072 testimonium.
451 1029 660 1072 SENATUS
688 1042 963 1072 consumma
992 1043 1054 1072 DE
1087 1043 1286 1073 TRIBUTO
1320 1043 1427 1074 0οΝ-

86 1101 318 1131 FERUNDO.
368 1089 693 1131 TESTIMONIUM
718 1089 1114 1132 IMACHARENSIUM.
1164 1090 1428 1144 Hennenses,

35 1161 66 1185 15
86 1163 181 1190 011111
226 1148 427 1189 decumae
463 1148 683 1190 venissent
722 1148 816 1203 agri
853 1148 1095 1190 Hennensis
1133 1149 1240 1190 med.
1273 1160 1428 1202 VfflCC,

87 1207 280 1262 Apronio
311 1207 448 1249 coacti
480 1210 580 1248 sunt
612 1207 712 1248 dare
743 1207 879 1249 tritici
910 1208 1100 1248 modium
1130 1210 1247 1249 Ξῖνῐῆ
1280 1210 1323 1249 et
1353 1206 1426 1248 HS

86 1278 137 1307 111
181 1266 313 1307 milia
370 1265 554 1320 Quaeso,
599 1266 826 1320 attendite,
871 1269 1055 1320 quantus
1097 1281 1300 1307 numerus
1343 1266 1428 1307 fru-

87 1325 222 1366 menti
266 1327 446 1379 cogatur
490 1339 540 1366 ex
585 1325 701 1366 omni
745 1339 849 1378 agro
889 1325 1134 1367 decumano.
1201 1324 1314 1366 Nam
1352 1340 1429 1378 per

87 1398 234 1425 omnes
258 1383 468 1438 civitates,
496 1398 603 1438 quae
631 1384 829 1426 decumas
857 1384 1024 1438 debent7
1049 1384 1261 1439 percurrit
1288 1384 1427 1425 oratio

33 1454 66 1479 20
86 1457 198 1496 mea,
237 1445 280 1483 et
311 1443 357 1483 in
388 1443 469 1484 hoc
502 1457 656 1497 genere
688 1457 817 1496 1111110,
854 1442 1032 1496 iudices,
1069 1457 1235 1496 versor,
1266 1457 1353 1484 non
1384 1443 1429 1483 111

89 1516 171 1555 quo
217 1501 473 1556 singillatim
518 1503 708 1542 aratores
753 1501 891 1542 eversi
928 1502 1053 1543 bonis
1093 1501 1291 1542 omnibus
1331 1501 1428 1555 sint,

88 1560 160 1601 sed
198 1574 306 1613 quae
345 1560 516 1614 publice
555 1560 799 1601 decumanis
838 1561 957 1602 lucra
997 1561 1097 1601 data
1130 1561 1234 1613 sint,
1271 1562 1320 1601 ut
1352 1560 1429 1601 ali—

88 1619 256 1673 quando
296 1633 346 1660 ex
385 1633 531 1660 eorum
571 1618 687 1673 agris
727 1621 855 1673 atque
892 1619 1071 1660 urbibus
1108 1618 1268 1673 expleti
1300 1621 1428 1672 atque

88 1677 272 1718 saturati
292 1692 387 1719 cum
412 1677 494 1719 hoc
521 1678 689 1718 cumulo
718 1680 919 1732 quaestus
947 1677 1209 1719 decederent.
1258 1676 1404 1718 Calac-

35 1747 67 1773 25
88 1736 190 1777 tinis
218 1751 347 1790 quam
374 1736 427 1777 ob
454 1751 545 1777 rem
576 1736 800 1790 imperasti
832 1751 943 1778 anno
975 1736 1118 1790 tertio,
1149 1738 1198 1777 ut
1230 1736 1427 1777 decumas

88 1795 182 1850 agri
214 1795 296 1848 sui,
329 1809 434 1849 quas
465 1794 665 1836 Calactae
698 1795 798 1836 dare
830 1797 1157 1848 consueverant,
1189 1794 1430 1836 Amestrati

86 1853 142 1895 M.
163 1852 313 1895 Caesio
341 1854 574 1895 decumano
602 1854 782 1896 darent?
815 1854 928 1909 quod
953 1869 1089 1909 neque
1117 1856 1215 1895 ante
1241 1856 1284 1894 te
1310 1868 1429 1907 prae-

87 1915 226 1954 torem
268 1912 336 1953 illi
377 1912 568 1954 fecerant
607 1927 743 1967 neque
781 1915 830 1954 tu
866 1913 958 1966 ipse
996 1913 1077 1954 hoc
1113 1913 1176 1954 ita
1214 1915 1428 1954 statueras

89 1974 215 2012 antea
260 1985 337 2026 per
379 1971 611 2013 biennium.
685 1972 1000 2013 Theomnastus
1046 1971 1340 2025 Syracusanus
1384 1971 1430 2012 in

37 2041 70 2066 30
90 2044 242 2085 agrum
267 2030 561 2084 Mutycensem
588 2045 662 2071 cur
688 2031 764 2071 abs
790 2033 833 2071 te
859 2031 1078 2071 immissus
1106 2031 1199 2071 est‘?
1234 2030 1306 2084 qui
1339 2045 1429 2070 ara-

87 2091 202 2129 tores
230 2088 293 2130 ita
325 2088 514 2142 vexavit,
546 2091 595 2129 ut
626 2089 691 2129 illi
722 2089 767 2130 in
799 2090 958 2130 alteras
992 2090 1208 2142 decumas,
1241 2089 1283 2129 id
1316 2088 1429 2142 quod

86 2147 132 2192 in
169 2147 265 2188 aliis
300 2161 468 2201 quoque
502 2147 749 2188 civitatibus
783 2148 1025 2201 ostendam,
1063 2122 1256 2189 triticum
1289 2161 1428 2188 emere

87 2205 327 2247 necessario
353 2207 531 2260 propter
559 2206 751 2260 inopiam
776 2209 1041 2261 cogerentur.
1097 2205 1190 2247 Iam
1221 2220 1322 2247 vero
1357 2220 1405 2246 ex
1433 2214 1498 2244 102

88 2263 375 2318 Hyblensium
404 2263 676 2318 pactionibus
708 2264 984 2319 intellegetis,
1018 2279 1125 2319 quae
1157 2265 1297 2306 factae
1331 2266 1430 2305 sunt

36 2333 70 2359 35
90 2337 184 2364 cum
205 2322 439 2364 decumano
456 2322 532 2363 Cn.
546 2321 708 2377 Sergio,
730 2324 894 2364 sexiens
915 2326 1050 2377 tanto,
1071 2338 1200 2379 quam
1222 2325 1428 2377 quantum

89 2383 232 2422 satum
253 2381 320 2435 sit,
348 2381 543 2422 ablatum
563 2396 654 2422 esse
681 2382 734 2423 ab
763 2382 1018 2423 aratoribus.
1062 2382 1213 2423 Recita
1239 2382 1429 2423 sationes

90 2442 132 2480 et
157 2439 377 2495 pactiones
405 2455 455 2482 ex
480 2440 639 2482 litteris
671 2441 867 2496 publicis,
918 2440 1176 2496 Cognoscite
1208 2440 1428 2496 pactiones

1441 1659 1498 1700 43

1433 1710 1498 1741 101
