1618 2584
383 223 471 261 LIB.
497 224 548 259 IV
592 223 694 258 CAP.
721 226 857 258 39—41
886 226 905 265 ἓ
931 225 1080 257 84-89.
1311 221 1395 262 401

59 321 103 362 in
129 319 298 374 oppidis
325 318 512 372 Siciliae3
546 334 595 361 ex
623 319 776 373 quibus
809 318 891 359 iste
919 316 962 359 C.
981 316 1176 358 Marcelli
1208 320 1399 359 statuam

59 379 231 433 delegit,
264 378 383 420 cuius
411 378 553 419 officia
578 378 623 419 in
648 378 770 418 illam
797 377 1017 418 civitatem
1048 378 1272 430 totamque
1304 391 1398 430 pro-

58 437 243 479 vinciam
263 437 559 479 recentissima
574 438 696 478 erant
716 438 758 477 et
778 436 975 477 maxima.
1012 433 1064 475 In
1084 449 1133 476 ea
1154 432 1398 488 Sopatrum,

58 495 276 538 hominem
304 509 399 537 cum
429 495 544 536 domi
576 495 779 546 nobilem,
811 497 903 535 tum
936 507 1103 535 summo
1136 493 1398 548 magistratu

24 565 41 591 5
59 553 314 609 praeditum,
347 553 575 595 divaricari
607 567 656 595 ac
688 552 870 607 deligari
901 552 1031 594 iubet.
1082 550 1173 600 Quo
1206 551 1398 593 cruciatu

59 613 116 654 sit
154 612 364 665 adfectus,
403 612 546 654 venire
582 611 628 653 in
665 614 853 652 mentem
884 624 1056 652 necesse
1089 612 1154 651 est
1187 610 1399 663 omnibus,

58 686 154 713 cum
182 674 295 713 esset
320 671 489 713 vinctus
515 670 652 712 nudus
684 670 730 710 in
762 673 870 723 aere,
901 669 945 710 in
977 669 1118 722 imbri,
1150 668 1195 710 in
1224 668 1398 724 frigore.

58 729 208 784 Neque
245 733 392 771 tamen
423 729 520 770 finis
551 728 649 770 huic
681 728 861 769 iniuriae
893 727 1223 782 crudelitatique
1254 727 1399 779 fiebat,

58 788 190 830 donec
215 788 400 843 populus
427 790 556 842 atque
581 786 781 828 universa
813 786 1044 828 multitudo
1078 786 1306 828 atrocitate
1337 785 1400 826 rei

0 847 434 901 'omisericordiaque
466 848 683 888 commota
714 847 912 886 senatum
945 845 1131 886 clamore
1164 844 1319 899 coegit,
1351 846 1400 885 ut

0 922 1 927 ¹
58 906 133 947 isti
159 905 436 947 simulacrum
461 904 570 946 illud
596 903 780 946 Mercuri
806 903 1094 957 polliceretur.
1139 901 1399 944 Clamabant

57 964 162 1018 fore,
187 967 236 1005 ut
255 964 339 1019 ipsi
360 978 452 1005 sese
474 963 516 1005 di
534 962 804 1005 immortales
829 962 1152 1015 ulciscerentur,
1179 961 1399 1002 hominem

57 1023 222 1065 interea
242 1023 380 1078 perire
400 1023 670 1064 innocentem
690 1036 777 1063 non
802 1024 1013 1076 oportere.
1062 1020 1172 1062 Tum
1197 1020 1399 1074 frequens

59 1084 233 1123 senatus
255 1082 307 1123 ad
332 1081 464 1123 istum
490 1081 621 1133 venit,
646 1080 876 1136 pollicetur
902 1079 1085 1135 signum.
1128 1078 1197 1120 Ita
1217 1077 1400 1133 Sopater

25 1141 109 1182 5de
154 1143 300 1182 statua
341 1139 385 1181 C.
419 1139 632 1193 Marcelli,
676 1153 773 1180 cum
815 1138 903 1180 iam
945 1152 1079 1192 paene
1124 1137 1400 1193 obriguisset,

58 1199 128 1240 vix
160 1199 284 1241 vivus
316 1198 520 1240 aufertur.

147 1257 247 1299 Non
278 1271 454 1312 possum
487 1256 694 1311 disposite
726 1256 860 1297 istum
893 1269 1110 1307 accusare,
1143 1254 1179 1296 si
1211 1254 1399 1308 cupiam,

59 1331 166 1370 opus
211 1318 277 1358 est
319 1330 405 1358 non
447 1316 587 1358 solum
624 1314 816 1370 ingenio,
859 1328 1009 1355 verum
1048 1314 1177 1354 etiam
1216 1312 1398 1354 artificio

60 1375 245 1429 quodam
272 1374 494 1430 singulari.
548 1372 693 1415 Unum
724 1373 806 1415 hoc
837 1372 999 1414 crimen
1030 1372 1200 1413 videtur
1232 1385 1324 1413 esse
1357 1373 1399 1412 et

14 1444 41 1469 «0
60 1449 85 1476 a
110 1448 177 1475 me
203 1448 281 1489 pro
308 1447 392 1475 uno
419 1433 594 1488 ponitur
620 1432 669 1473 de
695 1431 906 1473 Mercurio
933 1430 1246 1484 Tyndaritano,
1274 1430 1400 1484 plura

60 1495 172 1545 sunt,
197 1492 270 1534 sed
297 1506 346 1533 ea
372 1506 454 1546 quo
481 1494 607 1546 pacto
634 1490 898 1545 distinguere
925 1504 973 1531 ac
999 1503 1198 1543 separare
1224 1489 1400 1543 possim,

58 1551 214 1593 nescio.
276 1549 357 1592 Est
394 1550 670 1605 pecuniarum
710 1552 952 1603 captarum,
991 1548 1104 1602 quod
1140 1547 1312 1603 signum
1345 1547 1399 1588 ab

61 1610 187 1652 sociis
225 1609 430 1665 pecuniae
462 1622 645 1663 magnae
676 1607 871 1661 sustulit,
909 1609 975 1649 est
1006 1606 1247 1660 peculatus,
1287 1605 1401 1660 quod

58 1669 279 1724 publicum
316 1667 465 1722 populi
496 1666 682 1708 Romani
719 1666 891 1721 signum
930 1665 981 1707 de
1017 1665 1177 1720 praeda
1208 1665 1401 1706 hostium

16 1737 41 1762 ‘5
61 1730 247 1782 captum,
278 1727 469 1781 positum
495 1725 769 1780 imperatoris
795 1724 936 1766 nostri
960 1723 1133 1766 nomine
1164 1738 1252 1765 non
1283 1722 1401 1764 dubi-

11 1801 15 1806 ’
59 1787 171 1828 tavit
221 1785 405 1839 auferre,
456 1787 521 1826 est
570 1783 830 1837 maiestatis,
881 1783 994 1838 quod
1037 1782 1208 1837 imperii
1250 1782 1402 1836 nostri,

61 1845 243 1902 gloriae,
287 1858 429 1886 rerum
469 1846 689 1899 gestarum
728 1844 1006 1884 monumenta
1043 1844 1233 1882 evertere
1272 1843 1401 1895 atque

60 1906 285 1958 asportare
335 1916 464 1944 ausus
514 1905 597 1955 est,
648 1903 713 1943 est
764 1901 955 1955 sceleris,
1006 1900 1119 1954 quod
1168 1899 1401 1955 religiones

61 1963 271 2004 maximas
296 1961 489 2016 violavit,
516 1963 581 2002 est
607 1959 888 2013 crudelitatis,
921 1959 1034 2014 quod
1059 1959 1103 2000 in
1128 1958 1401 2000 innocentem

19 2031 42 2056 ἱ0
59 2021 295 2074 hominem,
338 2020 384 2061 in
421 2019 585 2062 socium
622 2022 813 2061 vestrum
852 2021 981 2072 atque
1020 2017 1205 2059 amicum
1241 2031 1401 2059 novum

60 2082 103 2122 et
148 2079 367 2135 singulare
410 2078 611 2133 supplicii
656 2092 790 2133 genus
829 2076 1110 2132 excogitavit;
1152 2075 1260 2117 illud
1298 2089 1400 2117 vero

60 2138 162 2193 quid
193 2139 262 2193 sit,
293 2137 381 2179 iam
411 2151 499 2179 non
531 2151 639 2191 queo
672 2136 822 2189 dicere,
855 2150 938 2190 quo
969 2135 1142 2178 nomine
1175 2134 1401 2189 appellem,

58 2197 220 2251 nescio,
265 2196 378 2251 quod
421 2196 466 2237 in
504 2194 549 2238 C.
582 2195 777 2237 Marcelli
816 2197 971 2236 statua.
1041 2192 1151 2242 Quid
1189 2196 1254 2235 est
1291 2193 1401 2235 hoc?

59 2259 322 2310 patronusne
361 2255 475 2309 quod
512 2254 635 2296 erat?
691 2253 801 2302 Quid
839 2253 960 2295 tum?
1013 2267 1095 2307 quo
1131 2252 1173 2293 id
1205 2251 1400 2306 spectat?

21 2317 204 2356 sutram
244 2329 294 2356 ea
330 2328 399 2355 res
438 2313 491 2356 ad
523 2327 649 2368 opem
682 2328 736 2354 an
768 2312 821 2354 ad
853 2312 1148 2354 calamitatem
1179 2311 1399 2353 clientium

61 2376 188 2428 atque
213 2373 435 2428 hospitum
461 2372 605 2414 valere
631 2371 844 2413 debebat?
876 2386 930 2412 an
956 2374 1004 2412 ut
1028 2370 1110 2412 hoc
1143 2369 1401 2423 ostenderes,

60 2434 211 2474 contra
229 2432 318 2474 vim
337 2434 458 2473 tuam
477 2431 523 2472 in
548 2430 743 2486 patronis
769 2429 973 2485 praesidii
997 2429 1107 2470 nihil
1134 2428 1254 2470 esse?
1296 2428 1400 2478 Quis

0 2479 9 2584 Ι
130 2506 201 2533 010.
221 2507 262 2532 11.
296 2509 319 2532 ι.
1072 2501 1116 2532 26

1424 557 1467 589 87

1413 1345 1467 1385 41

1426 1398 1470 1428 88

1428 2081 1470 2113 89
