1618 2584
411 223 500 258 LIB.
521 224 555 258 V
601 223 703 260 CAP.
734 228 870 259 18—20
897 227 914 266 g
941 228 1090 259 47—51.
1335 225 1420 265 447

79 319 219 376 pretio
262 319 429 361 varium
473 319 538 360 ius
584 322 627 361 et
670 319 884 374 disparem
926 319 1217 362 condicionem
1261 319 1421 362 fuisse?

81 378 221 428 Quid?
272 378 308 419 si
352 379 441 419 eius
481 378 596 420 modi
635 393 727 420 esse
765 379 870 421 haec
908 378 990 420 duo
1028 378 1202 420 foedera
1240 378 1420 420 duorum

79 437 357 493 populorum,
395 437 573 491 iudices,
612 437 760 491 doceo,
798 440 846 479 ut
878 436 1253 478 Tauromenitanis
1288 438 1422 479 nomi-

79 495 216 537 natim
243 498 416 537 cautum
444 499 486 537 et
512 499 735 551 exceptum
762 496 820 537 sit
844 495 1026 550 foedere,
1056 510 1109 537 ne
1135 510 1288 537 navem
1321 496 1421 537 dare

45 555 282 609 sdebeant,
325 554 595 596 Mamertinis
635 555 681 596 in
717 555 811 609 ipso
849 554 1019 596 foedere
1058 556 1254 597 sanctum
1292 557 1422 609 atque

78 613 394 668 praescriptum
433 613 508 667 sit,
549 616 597 655 ut
633 627 787 654 navem
826 613 926 655 dare
963 627 1135 655 necesse
1173 613 1248 667 sit,
1288 613 1419 654 istum

79 675 222 714 autem
262 674 413 713 contra
447 671 596 713 foedus
629 675 672 713 et
704 671 1079 713 Tauromenitanis
1111 672 1346 726 imperasse
1378 675 1421 713 et

78 730 349 772 Mamertinis
387 730 621 785 remisisse,
657 730 866 784 numquid
904 731 1080 772 dubium
1118 731 1281 785 poterit
1316 745 1421 784 esse,

80 789 182 844 quin
213 788 347 830 Verre
391 792 590 843 praetore
634 789 731 844 plus
772 789 1042 831 Mamertinis
1087 790 1248 844 cybaea
1291 804 1420 844 quam

27 861 59 887 10
79 847 454 889 Tauromenitanis
504 847 654 890 foedus
705 848 966 903 opitulatum
1011 848 1097 889 sit‘?
1169 848 1421 890 Recitentur

77 906 261 949 foedera.
316 906 408 948 Isto
439 906 575 962 igitur
606 910 694 961 tuo,
727 922 852 962 quem
886 907 939 948 ad
971 907 1145 948 modum
1176 907 1268 962 ipse
1300 922 1419 962 prae·
1434 905 1490 947 20

79 966 212 1019 dicas,
246 965 472 1019 beneficio,
503 968 552 1007 ut
583 980 651 1007 res
682 966 861 1020 indicat,
892 966 1033 1021 pretio
1066 968 1195 1021 atque
1227 966 1420 1008 mercede

78 1024 273 1066 minuisti
300 1024 572 1065 maiestatem
598 1024 661 1066 rei
686 1025 896 1080 publicae,
928 1024 1124 1066 minuisti
1157 1024 1317 1066 auxilia
1347 1040 1420 1080 po-

77 1083 169 1138 puli
212 1083 415 1136 Romani,
465 1083 659 1125 minuisti
709 1084 854 1138 copias
906 1083 1118 1125 maiorum
1164 1084 1327 1125 virtute
1371 1098 1420 1125 ac

27 1155 58 1180 15
79 1142 292 1197 sapientia
321 1144 612 1197 comparatas,
645 1143 860 1184 sustulisti
891 1142 958 1184 ius
990 1142 1178 1197 imperii,
1210 1141 1419 1184 condicio-

76 1216 175 1243 nem
214 1201 446 1255 sociorum,
490 1201 742 1243 memoriam
779 1201 976 1243 foederis.
1041 1201 1123 1250 Qui
1161 1216 1211 1243 ex
1248 1200 1419 1243 foedere

76 1260 171 1315 ipso
203 1274 356 1301 navem
389 1260 457 1301 vel
489 1274 624 1314 usque
657 1260 709 1301 ad
738 1259 973 1313 Oceanum,
1006 1260 1043 1301 si
1073 1260 1420 1314 imperassemus,

77 1321 253 1373 sumptu
278 1318 554 1373 periculoque
581 1333 657 1360 suo
685 1321 896 1360 armatam
930 1321 1059 1373 atque
1092 1321 1290 1360 ornatam
1323 1318 1419 1359 mit—

76 1380 166 1419 tere
193 1377 442 1431 debuerunt,
474 1377 509 1419 ei
537 1391 590 1419 ne
615 1377 660 1418 in
685 1377 796 1419 freto
825 1380 924 1419 ante
951 1392 1029 1418 sua
1053 1380 1169 1419 tecta
1197 1380 1240 1418 et
1268 1377 1418 1419 domos

24 1448 57 1474 20
76 1436 352 1492 navigarent,
400 1451 454 1477 ne
499 1450 577 1478 sua
626 1437 795 1478 moenia
844 1439 1080 1491 portusque
1131 1436 1418 1489 defenderent,

75 1496 215 1550 pretio
243 1495 321 1536 abs
346 1497 390 1536 te
416 1494 482 1536 ius
510 1495 695 1536 foederis
728 1498 770 1536 et
801 1495 973 1550 imperii
1004 1495 1296 1537 condicionem
1328 1495 1418 1536 red-

18 1557 23 1560 ”
77 1556 284 1595 emerunt.
345 1552 455 1602 Quid
493 1554 675 1596 censetis
713 1555 757 1595 in
794 1554 875 1596 hoc
912 1553 1083 1595 foedere
1119 1553 1316 1595 faciendo
1348 1568 1418 1595 vo-

77 1613 208 1654 luisse
235 1611 518 1654 Mamertinos
544 1613 774 1667 inpendere
801 1613 975 1667 laboris,
1002 1627 1170 1667 operae,
1201 1612 1418 1667 pecuniae,

76 1686 128 1713 ne
150 1671 256 1713 haec
282 1671 458 1712 biremis
486 1672 811 1726 adscriberetur,
839 1672 875 1713 si
901 1672 944 1713 id
969 1672 1060 1713 ullo
1087 1671 1213 1713 modo
1240 1674 1419 1726 possent

24 1742 57 1768 25
77 1745 103 1772 a
127 1729 290 1772 nostris
317 1730 552 1772 maioribus
578 1730 840 1785 impetrare?
890 1730 1003 1772 Nam
1029 1745 1124 1772 cum
1151 1731 1233 1772 hoc
1264 1744 1418 1772 munus

75 1789 364 1844 inponebatur
413 1792 503 1831 tam
555 1803 685 1845 grave
730 1789 915 1844 civitati,
963 1789 1104 1830 inerat
1146 1789 1290 1831 nescio
1335 1803 1418 1843 quo

76 1848 202 1890 modo
241 1847 285 1888 in
323 1847 400 1890 illo
438 1848 608 1890 foedere
647 1848 866 1890 societatis
906 1848 1029 1902 quasi
1068 1848 1276 1902 quaedam
1314 1850 1419 1889 nota

77 1906 309 1948 servitutis.
367 1906 489 1956 Quod
526 1910 618 1948 tum
656 1907 899 1949 recentibus
939 1907 1025 1948 suis
1062 1907 1214 1948 officiis
1246 1907 1419 1962 integra

75 1980 120 2007 re
164 1965 296 2007 nullis
340 1965 491 2020 populi
527 1965 712 2008 Romani
751 1966 1080 2008 difficultatibus
1119 1981 1144 2007 a
1181 1965 1418 2007 maioribus

24 2037 56 2062 ³0
75 2024 238 2066 nostris
268 2023 438 2066 foedere
471 2024 648 2079 adsequi
679 2039 765 2066 non
797 2027 1048 2080 potuerunt,
1079 2024 1123 2065 id
1154 2039 1265 2066 nune
1296 2024 1418 2065 nullo

77 2084 223 2136 [novo]
264 2082 405 2125 officio
446 2098 521 2125 suo
560 2086 627 2125 tot
666 2083 787 2124 annis
823 2086 923 2138 post
954 2084 1046 2125 iure
1076 2083 1247 2138 imperii
1278 2083 1419 2124 nostri

76 2141 308 2196 quotannis
346 2145 602 2197 usurpatum
640 2157 688 2184 ao
726 2157 894 2197 semper
926 2144 1142 2184 retentum
1175 2156 1343 2183 summa
1373 2141 1419 2182 in

76 2200 330 2243 difficultate
356 2201 530 2242 navium
558 2216 582 2242 a
609 2200 652 2242 C.
673 2201 808 2243 Verre
834 2201 973 2256 pretio
1002 2201 1193 2242 adsecuti
1224 2203 1336 2254 sunt,
1369 2215 1418 2242 ac

74 2274 161 2301 non
198 2259 280 2301 hoc
318 2260 457 2301 solum
496 2260 703 2314 adsecuti,
747 2275 799 2302 ne
837 2275 990 2302 navem
1029 2260 1197 2313 darent3
1242 2273 1416 2314 ecquem

39 2321 269 2371 5nautam,
314 2333 488 2374 ecquem
534 2319 734 2373 militem,
779 2319 851 2374 qui
892 2322 967 2361 aut
1004 2319 1049 2360 in
1086 2318 1222 2360 classe
1261 2320 1336 2359 aut
1372 2317 1418 2359 in

7 2373 13 2406 ’ἕ
73 2377 287 2477 ἕτὲθείᾶὶο
321 2381 453 2433 esset,
490 2380 534 2420 te
565 2380 765 2433 praetore
797 2393 873 2433 per
904 2378 1137 2419 triennium
1168 2376 1416 2418 Mamertini

103 2450 123 2477 e
156 2436 309 2478 erunt?

1448 387 1492 419 50

1445 1563 1485 1593 51
