1618 2584
465 254 553 290 LIB.
576 255 607 289 V
647 254 748 290 CAP.
776 259 912 290 51—63
939 259 958 297 ἓ
986 259 1181 290 159-164,
1404 257 1489 299 489

154 350 287 404 spicio
328 350 527 404 cuiquam
566 353 679 391 esset
716 351 823 404 ulla3
862 350 1010 392 deinde
1047 350 1167 392 iubet
1200 351 1386 405 undique
1417 353 1490 394 ho-

154 408 313 449 minem
346 409 719 450 vehementissime
751 409 980 450 verberari.
1036 407 1304 458 Caedebatur
1334 410 1466 464 virgis
1495 420 1560 452 162

152 468 196 507 in
229 466 369 508 medio
401 466 496 508 foro
522 466 745 508 Messanae
777 467 881 508 civis
914 467 1153 521 Romanus,
1184 467 1361 521 iudices,
1394 483 1489 510 cum

152 524 317 566 interea
360 525 505 566 nullus
544 525 749 580 gemitUS‚
792 526 911 574 nulla
948 540 1030 567 vox
1069 526 1152 567 alia
1188 525 1306 566 illius
1345 526 1490 567 miseri

118 593 132 617 5
152 583 264 624 inter
301 584 492 625 dolorem
531 583 824 637 crepitumque
864 584 1090 639 plagarum
1124 584 1377 625 audiebatur
1407 585 1491 625 nisi

153 642 274 683 haec:
321 641 482 683 ‘Civis
520 641 776 683 Romanus
816 642 949 683 sum.'
1010 642 1103 684 Hac
1147 657 1192 683 se
1236 657 1489 684 commemo-

151 700 318 741 ratione
366 700 554 742 civitatis
604 700 748 741 omnia
791 700 971 741 verbera
1014 701 1290 755 depulsurum
1335 701 1490 743 crucia-

151 761 328 812 tumque
373 773 398 799 a
441 772 618 813 corpore
664 758 925 799 deiecturum
970 759 1282 813 arbitrabatur3
1327 760 1363 800 is
1403 774 1491 801 non

151 817 278 858 modo
305 817 386 858 hoc
410 831 497 858 non
522 816 713 870 perfecit,
745 819 793 857 ut
818 817 1038 872 virgarum
1064 817 1151 858 vim
1179 818 1490 872 deprecaretur,

101 886 132 910 10
152 876 242 927 sed,
295 890 391 916 cum
442 875 697 929 imploraret
750 875 919 928 saepius
973 878 1284 929 usurparetque
1334 891 1491 917 nomen

151 933 359 987 civitatis,
400 947 520 987 crux,
558 947 677 986 crux,
714 933 908 987 inquam,
945 933 1105 974 infelici
1144 936 1186 973 et
1224 948 1491 986 aerumnoso,

152 992 224 1046 qui
267 1006 502 1045 numquam
546 991 676 1032 istam
713 994 880 1045 pestem
916 991 1101 1043 viderat,
1144 991 1488 1044 comparabatur.

239 1052 270 1090 Ο
296 1064 452 1090 nomen
479 1049 600 1090 dulce
627 1049 860 1089 libertatis!
903 1063 927 1090 0
959 1049 1024 1089 ius
1058 1048 1259 1089 eximium
1290 1051 1465 1090 nostrae

150 1107 356 1148 civitatis!
390 1122 414 1147 0
435 1107 503 1146 lex
523 1106 676 1147 Porcia
696 1107 898 1161 legesque
919 1104 1214 1160 Semproniae!
1247 1122 1271 1148 o
1299 1107 1489 1162 graviter

99 1176 130 1202 15
151 1165 392 1206 desiderata
421 1166 463 1204 et
495 1164 726 1217 aliquando
759 1164 926 1205 reddita
957 1164 1074 1219 plebi
1100 1165 1319 1206 Romanae
1352 1165 1489 1206 tribu-

148 1223 260 1264 nicia
285 1223 500 1276 potestas!
544 1222 708 1263 Hucine
734 1223 909 1263 tandem
934 1223 1040 1264 haec
1067 1223 1210 1264 omnia
1235 1223 1488 1276 reciderunt,

149 1283 198 1322 ut
247 1280 352 1322 civis
396 1280 615 1321 Romanus
666 1280 711 1321 in
759 1281 981 1334 provincia
1024 1281 1174 1335 populi
1217 1281 1402 1322 Romani
1444 1282 1489 1322 in

150 1339 307 1393 oppido
339 1338 657 1379 foederatorum
690 1338 743 1379 ab
777 1353 844 1392 eo⁷
880 1339 953 1392 qui
984 1339 1188 1380 beneficio
1221 1340 1371 1394 populi
1403 1340 1488 1381 Ro-

149 1397 266 1438 mani
314 1396 452 1438 fasces
504 1399 546 1438 et
591 1411 757 1438 secures
801 1397 997 1451 haberet,
1048 1398 1262 1452 deligatus
1306 1398 1350 1439 in
1393 1398 1488 1440 foro

96 1468 130 1492 20
148 1456 283 1510 virgis
338 1455 612 1497 caederetur?
686 1454 825 1503 Quid?
881 1471 976 1497 cum
1029 1456 1152 1511 ignes
1207 1457 1489 1511 ardentesque

149 1514 334 1555 laminae
394 1514 607 1567 ceterique
667 1514 879 1555 cruciatus
939 1514 1295 1569 admovebantur,
1355 1516 1390 1556 si
1446 1519 1489 1557 te

148 1573 266 1614 illius
312 1573 467 1614 acerba
511 1572 759 1627 imploratio
806 1575 848 1614 et
886 1587 966 1614 vox
1006 1573 1265 1614 miserabilis
1302 1588 1389 1615 non
1425 1574 1490 1615 in-

149 1631 339 1685 hibebat,
371 1645 424 1672 ne
456 1631 611 1672 civium
647 1631 816 1684 quidem
850 1631 1154 1684 Romanorum,
1187 1632 1260 1686 qui
1291 1635 1384 1673 tum
1417 1633 1489 1673 ad-

150 1693 289 1743 erant,
339 1690 442 1731 fletu
487 1692 529 1730 et
574 1690 738 1745 gemitu
781 1690 967 1731 maximo
1015 1691 1370 1732 commovebare‘?
1438 1691 1489 1732 In

96 1759 129 1785 25
150 1757 316 1790 cr'ucem
353 1751 401 1789 tu
440 1762 566 1803 agere
606 1762 733 1789 ausus
773 1763 816 1789 es
857 1763 1132 1802 quemquam⁷
1171 1749 1243 1803 qui
1275 1763 1319 1790 se
1352 1749 1488 1791 civem

150 1807 393 1848 Romanum
420 1821 512 1847 esse
539 1806 724 1848 diceret?
776 1806 908 1848 Nolui
934 1810 1024 1848 tam
1053 1807 1328 1849 vehementer
1361 1822 1488 1863 agere

148 1866 229 1907 hoc
266 1865 407 1919 prima
444 1865 628 1919 actione,
672 1865 848 1919 iudices,
892 1866 1027 1920 nolui3
1066 1866 1233 1907 vidistis
1273 1866 1404 1921 enim,
1441 1870 1489 1908 ut

149 1924 281 1965 animi
319 1924 608 1965 multitudinis
646 1923 691 1964 in
727 1924 858 1965 istum
898 1924 1044 1966 dolore
1083 1927 1126 1966 et
1164 1925 1261 1966 odio
1301 1928 1343 1966 et
1378 1939 1487 1966 com-

148 1983 289 2024 munis
339 1983 519 2036 periculi
568 1985 685 2023 metu
732 1983 1061 2024 concitarentur.
1130 1981 1273 2024 Statui
1317 1987 1488 2039 egomet

95 2053 131 2078 30
148 2041 255 2082 mihi
275 2043 366 2082 tum
387 2041 560 2082 modum
586 2041 771 2082 orationi
798 2056 916 2083 meae
943 2044 986 2082 et
1007 2040 1051 2083 C.
1066 2041 1326 2095 Numitorio,
1353 2042 1487 2096 equiti

146 2099 362 2153 Romano,
405 2100 545 2155 primo
586 2099 769 2154 homini,
807 2100 909 2141 testi
948 2115 1060 2153 meo,
1098 2103 1141 2141 et
1177 2101 1256 2142 Μ’.
1290 2100 1486 2142 Glabrio-

145 2173 256 2212 nem,
287 2158 330 2199 id
358 2159 470 2212 quod
498 2158 814 2213 sapientissime
843 2158 957 2213 fecit,
989 2159 1128 2200 facere
1160 2159 1346 2200 laetatus
1380 2174 1487 2213 sum,

145 2221 194 2258 ut
231 2219 418 2271 repente.
444 2217 671 2258 consilium
709 2217 753 2258 in
785 2217 924 2259 medio
957 2218 1204 2259 testimonio
1238 2218 1486 2260 dimitteret.

144 2275 321 2317 Etenim
358 2276 604 2330 verebatur,
640 2290 693 2317 ne
731 2277 915 2330 populus
947 2275 1167 2318 Romanus
1206 2277 1260 2318 ab
1295 2276 1380 2318 isto
1414 2291 1485 2318 eas

92 2345 126 2371 35
145 2348 306 2389 poenas
345 2335 387 2375 vi
424 2334 632 2389 repetisse
670 2334 903 2388 videretur,
943 2349 1048 2389 quas
1086 2335 1248 2376 veritus
1287 2337 1400 2376 esset
1433 2350 1486 2377 ne

145 2394 228 2434 iste
267 2393 436 2449 legibus
470 2408 518 2435 ae
550 2395 694 2435 vestro
727 2393 881 2435 iudicio
913 2408 1000 2434 non
1033 2396 1145 2435 esset
1176 2394 1485 2448 persoluturus.

1492 1083 1559 1114 163

143 2450 282 2507 Nunc,
303 2452 505 2507 quoniam
524 2451 645 2504 [iam]
667 2452 937 2507 exploratum
959 2454 1024 2493 est
1044 2452 1253 2507 omnibus,
1275 2467 1356 2507 quo
1378 2454 1472 2496 1000
1490 2461 1555 2493 164
