1618 2584
371 223 460 259 LIB.
481 223 530 257 IV
575 224 676 258 CAP.
708 227 842 259 18—20
868 227 886 266 ξ
912 228 1062 259 39—44.
1299 225 1381 266 381

0 351 1 356 ,
51 319 311 375 grederetur,
335 319 444 366 nihil
471 333 576 374 esse,
601 320 713 374 quod
740 321 965 375 quisquam
991 322 1163 375 putaret
1189 334 1245 374 se,
1273 321 1384 374 quod

0 379 1 402 ²
49 377 122 420 isti
141 378 269 431 paulo
291 378 430 433 magis
456 379 657 433 placeret,
683 393 934 420 conservare
961 381 1035 420 aut
1061 378 1176 420 domi
1200 379 1384 420 retinere

48 450 192 492 posse3
212 439 363 491 postea
377 451 475 478 vero
495 446 621 491 quam
641 437 945 479 intellexerunt
963 437 1039 479 isti
1058 437 1196 479 virum
1215 438 1384 489 fortem,
1400 434 1454 476 20

50 509 175 549 quem
214 509 378 536 summe
416 496 637 550 provincia
674 497 945 551 expectabat,
991 496 1036 545 Q.
1063 496 1256 549 Arrium,
1299 511 1385 538 non

14 563 31 591 5
49 553 282 607 succedere,
316 556 561 597 statuerunt
585 555 694 596 nihil
722 569 765 596 se
791 558 882 596 tam
908 556 1101 597 clausu-m
1126 570 1262 610 neque
1294 558 1385 596 tam

48 612 314 654 reconditum
352 627 476 667 posse
514 613 689 667 habere,
727 614 840 668 quod
876 629 963 656 non
999 614 1124 655 istius
1160 614 1386 668 cupiditati

35 672 368 726 apertissimum
399 672 855 727 promptissimumque
889 676 1012 714 esset.

136 729 245 771 Tum
265 731 346 772 iste
368 731 421 772 ab
443 732 584 785 equite
605 731 798 773 Romano
826 731 1047 786 splendido
1075 734 1118 772 et
1145 731 1349 787 gratioso,
1369 729 1454 774 (20)

49 787 122 830 Cn.
160 787 344 844 Calidio,
393 789 512 831 cuius
562 790 699 831 filium
744 790 907 831 sciebat
951 793 1193 832 senatorem
1237 790 1413 845 populi.

13 847 232 889 ⁰Romani
276 850 318 889 et
361 848 541 890 iudicem
580 863 690 902 esse,
735 849 902 890 eculeos
941 852 1169 904 argenteos
1206 849 1385 902 nobiles,

49 906 122 960 qui
154 906 201 955 Q.
226 906 403 948 Maximi
433 906 623 961 fuerant,
656 908 806 949 aufert.
861 907 1100 962 Inprudens
1131 908 1214 949 huc
1244 907 1385 961 incidi,
1412 915 1454 946 43

47 965 224 1020 iudices3
245 967 349 1007 emit
363 965 487 1019 enim,
507 980 593 1008 non
614 967 812 1021 abstulit3
832 967 993 1008 nollem
1014 967 1187 1020 dixisse3
1207 967 1387 1008 iactabit

24 1034 93 1065 'se
120 1026 163 1065 et
194 1024 238 1065 in
269 1024 336 1066 his
370 1025 581 1079 equitabit
614 1025 779 1067 eculeis.
837 1025 961 1079 ‘Emi,
992 1026 1214 1080 pecuniam
1249 1025 1385 1067 solvi.⁹

49 1081 197 1135 Credo.
254 1082 415 1125 ‘Etiam
446 1084 620 1126 tabulae
652 1084 948 1138 proferentur?
1003 1084 1085 1125 Est
1116 1084 1246 1138 tanti,
1284 1084 1385 1126 cedo

14 1141 232 1183 ⁵tabulas.
300 1141 427 1184 Dilue
476 1157 576 1184 sane
621 1143 781 1185 crimen
824 1143 904 1185 hoc
947 1142 1235 1197 Calidianum,
1286 1143 1386 1184 dum

49 1214 129 1256 ego
155 1201 326 1242 tabulas
353 1202 542 1256 aspicere
567 1202 740 1255 possim.
786 1201 946 1245 Verum
971 1204 1118 1243 tamen
1149 1202 1251 1256 quid
1282 1205 1386 1256 erat,

50 1259 162 1313 quod
194 1258 384 1301 Calidius
422 1258 591 1302 Romae
623 1264 871 1314 quereretur
909 1275 971 1314 se,
1012 1275 1107 1302 cum
1145 1264 1212 1302 tot
1251 1275 1384 1302 annos

47 1317 92 1359 in
119 1317 265 1360 Sicilia
289 1318 597 1374 negotiaretur,
630 1334 654 1360 a
680 1322 722 1360 te
749 1319 841 1361 solo
867 1319 930 1361 ita
956 1334 1048 1361 esse
1080 1318 1397 1377 contemptum,-

28 1376 110 1418 .ita
148 1376 411 1432 despectum,
449 1380 497 1419 ut
536 1378 666 1419 etiam
704 1393 789 1420 una
821 1379 1100 1421 cum.ceteris
1134 1377 1286 1420 Siculis
1320 1379 1386 1419 de-

9 1443 30 1468 0
50 1435 335 1490 spoliaretur?
391 1435 436 1478 Si
468 1451 649 1491 emeras,
685 1437 784 1491 quid
818 1440 927 1490 erat,
961 1438 1073 1492 quod
1103 1437 1387 1479 confirmabat

50 1509 93 1535 se
132 1495 209 1536 abs
246 1497 290 1537 te
329 1498 556 1550 argentum
592 1510 683 1537 esse
715 1497 1016 1551 repetiturum,
1054 1496 1091 1537 si
1122 1496 1165 1537 id
1196 1496 1278 1537 tibi
1310 1511 1387 1537 sua

48 1553 271 1595 voluntate
296 1554 575 1596 vendiderat?
625 1554 690 1596 Tu
720 1569 848 1609 porro
880 1569 1028 1610 posses
1060 1554 1213 1608 facere,
1244 1557 1292 1596 ut
1313 1553 1386 1596 Cn.

49 1611 218 1668 Calidio
252 1627 337 1654 non
376 1613 601 1655 redderes?
645 1614 900 1668 praesertim
932 1629 1027 1655 cum
1058 1614 1098 1655 is
1128 1613 1172 1655 L.
1197 1612 1386 1667 Sisenna,

49 1670 269 1713 defensore
322 1675 414 1726 tuo,
470 1675 560 1714 tam
612 1671 885 1714 familiariter
934 1675 1144 1727 uteretur,
1200 1675 1243 1714 et
1291 1688 1386 1714 cum

15 1736 31 1764 5
49 1730 202 1771 ceteris
227 1730 513 1772 familiaribus
541 1721 744 1773 Sisennae
769 1731 1038 1773 reddidisses..
1081 1731 1275 1786 Denique
1301 1746 1387 1773 non
1413 1738 1454 1769 44
1501 1765 1508 1776 ,

49 1788 203 1843 opinor
238 1793 497 1845 negaturum
535 1804 626 1831 esse
664 1793 707 1831 te
745 1790 909 1832 homini
945 1790 1146 1843 honesto,
1191 1790 1265 1832 sed
1301 1805 1388 1832 non

50 1848 314 1903 gratiosioii,
364 1863 492 1903 quam
536 1848 611 1891 Cn.
649 1848 839 1891 Calidius
889 1852 972 1903 est,
1020 1848 1066 1891 L.
1105 1848 1295 1903 Curidio,
1344 1852 1387 1891 te

50 1909 277 1962 argentum
309 1907 384 1962 per
415 1907 716 1962 Potamonem,
755 1908 938 1950 amicum
970 1911 1110 1962 tuum,
1142 1908 1387 1950 reddidisse.

50 1965 131 2014 Qui
174 1966 345 2020 quidem
388 1969 626 2008 ceterorum
664 1982 837 2009 causam
872 1967 985 2022 apud
1022 1970 1065 2009 te
1103 1967 1387 2009 difficiliorem

15 2023 162 2067 ⁰fecit.
222 2023 335 2066 Nam
373 2040 469 2067 cum
505 2028 549 2067 te
586 2026 877 2080 compluribus
916 2027 1213 2068 confirmasses
1250 2026 1415 2082 reddi-⁴

49 2085 211 2137 turum,
248 2087 530 2138 posteaquam
562 2083 760 2127 Curidius
798 2099 876 2140 pro
915 2085 1164 2130 testimonio
1204 2085 1310 2126 dixit
1344 2088 1386 2127 te

51 2142 132 2183 sibi
157 2142 402 2196 reddidisse,
430 2143 558 2184 finem
584 2143 784 2185 reddendi
810 2143 963 2198 fecisti,
995 2145 1107 2198 quod
1133 2144 1387 2185 intellexisti

49 2201 206 2256 praeda
255 2204 298 2243 te
348 2202 397 2243 de
447 2202 646 2244 manibus
697 2203 855 2244 amissa
899 2203 1197 2245 testimonium
1240 2205 1386 2245 tamen

42 2259 235 2316 effugere
265 2275 351 2303 non
382 2275 520 2316 posse.
576 2260 650 2303 Cn.
678 2260 861 2315 Calidio,
900 2262 1034 2316 equiti
1066 2262 1279 2316 Romano,
1311 2277 1386 2316 per

17 2322 32 2348 ⁵
52 2319 187 2360 omnis
233 2319 340 2361 alios
385 2322 605 2375 praetores
649 2320 770 2362 licuit
812 2320 970 2363 habere
1013 2324 1240 2377 argentum
1279 2321 1385 2363 bene

49 2377 229 2432 factum,
277 2378 400 2421 licuit
448 2393 573 2433 posse
622 2379 866 2421 domesticis
910 2379 1061 2434 copiis,
1111 2395 1207 2422 cum
1250 2380 1384 2436 magi-

51 2438 235 2478 stratum
268 2440 342 2479 aut
373 2437 560 2490 aliquem
593 2439 855 2493 superiorem
887 2439 1126 2490 invitasset,
1159 2442 1386 2481 ornare'et
