1618 2584
360 253 449 289 LIB.
477 255 510 288 Π
551 254 652 289 CAP.
681 259 819 289 65—68
845 259 863 297 g
891 259 1086 290 159—163.
1307 255 1390 295 259

49 350 305 405 cognoscite.
356 349 733 405 Centuripinorum
767 353 938 391 senatus
972 350 1157 391 decrevit
1190 350 1392 404 populusn
1408 348 1460 388 (37

50 424 130 463 que
161 409 298 461 iussit,
330 411 389 462 ut,
423 423 530 461 quae
565 412 733 450 statuae
763 408 807 450 C.
833 408 981 449 Verris
1014 408 1148 462 ipsius
1182 411 1224 448 ct
1255 409 1392 462 patris

50 468 139 508 eius
166 469 209 507 et
234 467 312 507 filii
334 470 488 519 essent,
518 482 588 508 eas
611 470 858 521 quaestores
880 467 1169 508 demoliendas
1189 467 1393 519 locarent,

51 526 234 578 dumque
274 540 322 566 ea
356 525 576 566 demolitio
608 526 748 578 fieret,
788 528 1007 566 senatores
1038 540 1091 566 ne
1124 525 1264 565 minus
1297 538 1393 566 XXX

16 584 261 625 5adessent.
324 583 478 624 Videte
517 584 775 638 gravitatem
815 584 1000 624 civitatis
1039 599 1087 625 ac
1120 583 1394 638 dignitatem,

48 657 185 695 neque
224 656 294 683 eas
332 642 377 683 in
413 643 518 683 urbe
557 657 634 683 sua
672 645 838 683 statuas
881 656 972 683 esse
1006 643 1249 696 voluerunt,
1289 656 1393 696 quas

0 710 1 713 ’
49 701 175 741 inviti
207 715 282 754 per
313 701 400 741 vim
433 704 560 754 atque
591 701 817 753 imperium
858 700 1091 754 dedissent,
1128 715 1265 755 neque
1304 701 1393 741 eius

48 759 254 812 hominis,
300 758 345 799 in
390 773 515 812 quem
559 759 642 812 ipsi
691 773 786 799 cum
838 759 1094 813 gravissimo
1145 759 1393 801 testimonio

49 818 230 870 publice,
263 816 376 870 quod
406 832 640 870 numquam
667 820 805 870 antea,
837 817 1021 858 Romam
1048 818 1252 858 mandata
1278 818 1395 872 lega-

14 878 203 929 otosque
236 875 471 929 misissent3
510 878 552 917 et
582 876 626 916 id
660 876 833 930 gravius
873 889 964 916 esse
1003 878 1211 929 putarunt
1250 876 1285 916 si
1324 892 1395 930 pu-

48 934 162 975 blico
195 934 392 987 consilio,
434 949 561 987 quam
596 934 631 975 si
662 948 738 987 per
769 934 857 974 vim
900 934 1190 974 multitudinis
1231 934 1395 975 fastum

50 1007 141 1034 esse
173 992 399 1034 videretur.
451 992 557 1033 Cum
588 993 670 1033 hoc
702 992 881 1033 consilio
909 995 1075 1033 statuas
1104 992 1373 1045 Centuripini
1400 1003 1465 1034 162

49 1050 218 1105 publice
276 1051 570 1104 sustulissent,
626 1051 745 1091 audit
788 1050 1007 1104 Metellus,
1059 1051 1250 1106 graviter
1299 1052 1396 1105 fert,

50 1112 201 1151 evocat
227 1109 279 1150 ad
306 1124 349 1150 se
371 1108 749 1164 Centuripinorum
776 1109 1057 1162 magistratus
1091 1112 1133 1150 et
1158 1122 1188 1150 Χ
1214 1110 1396 1164 primos3

15 1182 29 1207 5
49 1168 133 1209 nisi
164 1168 456 1209 restituissent
483 1171 662 1221 statuas,
693 1168 969 1208 veliementer
995 1168 1194 1209 minatur.
1244 1168 1317 1209 Illi
1344 1169 1397 1209 ad

50 1229 247 1268 senatum
279 1227 544 1280 renuntiant3
584 1230 771 1280 statuae,
805 1241 911 1280 quae
943 1226 1069 1267 istius
1103 1241 1255 1267 causae
1286 1227 1396 1268 nihil

49 1285 319 1340 prodessent,
354 1288 630 1339 reponuntur,
663 1285 832 1326 decreta
864 1284 1254 1339 Centuripinorum,
1288 1300 1396 1339 quae

50 1345 100 1384 de
133 1343 288 1385 statuis
322 1347 444 1385 erant
473 1344 607 1398 facta,
648 1358 735 1385 non
766 1344 991 1385 tolluntur.
1052 1343 1134 1384 Hic
1167 1358 1246 1399 ego
1280 1344 1397 1385 aliud

52 1402 126 1444 alii
158 1402 361 1455 concedo,
404 1402 598 1456 Metello,
643 1402 807 1443 homini
847 1402 1048 1456 sapienti,
1092 1417 1269 1456 prorsus
1309 1417 1397 1443 non

16 1474 32 1499 ο
51 1475 227 1516 possum
259 1461 493 1516 ignoscere,
526 1462 562 1501 si
595 1461 694 1514 quid
722 1461 854 1501 stulte
880 1460 995 1501 facit.
1047 1460 1188 1508 Quid?
1220 1461 1295 1501 ille
1315 1461 1397 1502 hoc

50 1520 234 1573 putabat
259 1519 386 1560 Verri
415 1520 691 1561 criminosum
723 1519 826 1572 fore,
859 1519 894 1559 si
928 1521 1096 1560 statuae
1130 1520 1219 1560 eius
1253 1522 1397 1560 essent

52 1578 250 1631 deiectae,
283 1579 396 1632 quod
429 1593 552 1632 saepe
579 1580 708 1619 vento
735 1580 810 1618 aut
836 1577 979 1630 aliquo
1008 1592 1108 1618 casu
1134 1578 1226 1618 fieri
1254 1578 1395 1619 solet‘?

51 1637 149 1679 Non
170 1640 263 1678 erat
281 1637 326 1677 in
346 1638 426 1678 hoc
445 1651 582 1690 neque
604 1636 764 1677 crimen
782 1637 919 1676 ullum
946 1650 1082 1689 neque
1108 1636 1396 1690 reprehensio.

52 1695 117 1736 Ex
159 1710 242 1749 quo
280 1695 415 1750 igitur
448 1695 608 1736 crimen
640 1698 767 1748 atque
800 1694 1015 1735 accusatio
1049 1695 1269 1736 naseitur‘.>
1331 1694 1396 1735 Ex
1412 1729 1467 1768 643

18 1766 32 1791 5
51 1754 276 1795 hominum
308 1754 461 1795 iudicio
496 1756 538 1794 et
569 1754 804 1794 voluntate.
853 1752 961 1807 Ego,
995 1753 1031 1793 si
1056 1752 1257 1794 Metellus
1291 1757 1374 1794 sta-
1403 1780 1467 1811 163

52 1815 148 1854 tuas
171 1811 471 1867 Centuripinos
497 1826 700 1865 reponere
725 1826 813 1853 non
838 1811 1062 1865 coegisset,
1088 1811 1169 1853 hoc
1197 1812 1397 1853 diceiem:

51 1871 223 1925 Videte,
260 1871 438 1925 iudices,
477 1873 684 1935 quantum
724 1872 765 1910 et
804 1885 933 1935 quam
973 1845 1173 1911 aceibum
1206 1870 1398 1911 dolorem

54 1930 266 1972 sociorum
317 1933 445 1983 atque
496 1929 731 1970 amicorum
781 1928 935 1969 animis
985 1928 1220 1969 inusserint
1272 1929 1398 1969 istius

52 1989 245 2043 iniuriae,
272 2003 366 2030 cum
388 1987 766 2042 Centuripinorum
787 1987 1049 2028 amicissima
1074 2001 1123 2027 ac
1148 1987 1399 2028 fidelissima

23 2048 224 2102 2civitas,
266 2062 373 2101 quae
405 2046 538 2087 tantis
572 2045 723 2087 officiis
756 2060 851 2087 cum
884 2046 1043 2098 populo
1076 2045 1271 2086 Romano
1304 2061 1399 2086 con-

53 2107 198 2148 iuncta
231 2109 308 2159 est,
340 2108 387 2146 ut
418 2120 505 2146 non
537 2105 676 2145 solum
709 2118 799 2144 rem
831 2104 1049 2157 publicam
1080 2107 1293 2157 nostram,
1327 2104 1400 2144 sed

55 2165 185 2207 etiam
216 2165 263 2206 in
295 2164 445 2219 quovis
477 2163 650 2205 homine
681 2162 851 2217 privato
883 2177 1041 2202 nomen
1071 2162 1211 2215 ipsum
1245 2162 1400 2202 Roma-

54 2239 156 2265 num
177 2238 345 2277 semper
366 2222 573 2275 dilexerit,
594 2236 644 2262 ea
664 2220 835 2274 publico
857 2220 1036 2261 consilio
1064 2223 1191 2274 atque
1219 2221 1400 2261 auctori-

54 2285 145 2323 tate
176 2282 376 2323 iudicarit
408 2279 452 2323 C.
484 2280 633 2321 Verris
667 2282 833 2320 statuas
867 2294 958 2320 esse
990 2279 1033 2319 in
1065 2279 1170 2319 urbe
1204 2293 1280 2319 sua
1313 2294 1400 2319 non

27 2343 263 2394 3oportere.
324 2339 568 2381 Recitarem
608 2338 777 2379 decreta
815 2336 1212 2391 Centuripinorum,
1256 2337 1399 2378 lauda-

55 2413 145 2440 rem
200 2399 323 2440 illam
380 2398 617 2448 civitatem,
672 2396 716 2437 id
772 2396 885 2450 quod
939 2396 1160 2437 verissime
1216 2409 1399 2450 possem,

57 2471 437 2498 commemorarem
469 2469 498 2497 X
538 2455 658 2497 milia
696 2455 851 2496 civium
884 2468 975 2495 esse
1010 2453 1399 2508 Centuripinorum,

1046 2523 1116 2556 17*
