1618 2584
394 275 482 310 LIB.
505 275 538 310 V
577 275 677 310 CAP.
704 279 843 311 36——38
869 279 886 318 ἓ
912 279 1084 310 95—101.
1331 277 1419 319 465

82 385 163 426 quo
191 371 450 424 simulatque
478 371 648 425 adisset,
679 386 766 412 non
791 371 917 413 modo
945 386 970 412 a
1001 371 1147 424 latere,
1181 371 1254 413 sed
1287 373 1416 413 etiam

80 445 105 470 a
136 432 264 484 tergo>
293 444 496 484 magnam
528 432 696 484 partem
728 430 846 470 urbis
878 429 1168 483 relinqueret?
1223 429 1417 472 Insulam

79 491 217 530 totam
250 490 570 542 praetervectus
604 491 680 542 est,
713 502 820 542 quae
853 491 919 529 est
949 489 1052 529 urbs
1085 486 1307 542 Syracusis
1342 503 1417 530 suo

79 546 251 588 nomine
290 561 337 587 ac
375 547 615 599 moenibus,
656 560 739 600 quo
776 546 822 587 in
858 546 953 588 loco
992 546 1194 600 maiores,
1232 549 1280 588 ut
1319 550 1418 588 ante

43 618 60 643 5
80 605 178 658 dixi,
205 603 519 658 Syracusanum
544 605 742 646 habitare
768 608 1007 658 vetuerunt,
1040 605 1164 659 quod,
1197 605 1271 660 qui
1295 606 1418 646 illam

79 666 248 718 partem
286 664 405 704 urbis
443 666 655 718 tenerent,
692 663 737 704 in
772 678 917 705 eorum
949 666 1212 718 potestatem
1242 667 1417 719 portum

78 722 272 763 futurum
303 722 628 777 intellegebant.
684 721 745 762 At
776 736 903 776 quem
935 722 988 763 ad
1020 722 1194 764 modum
1227 725 1293 764 est
1324 738 1415 777 per·
1444 733 1488 763 99

78 781 280 836 vagatus!
324 780 503 821 Radices
524 781 766 835 palmarum
787 780 1038 836 agrestium,
1064 795 1169 834 quas
1189 781 1234 822 in
1256 781 1418 834 nostris

78 839 261 880 navibus
281 840 545 891 invenerant,
570 839 804 891 iactabant,
829 841 878 880 ut
904 853 1051 880 omnes
1077 839 1203 880 istius
1230 840 1418 894 inprobi-

28 912 59 936 10
79 900 213 938 tatem
264 900 306 938 et
359 897 652 938 calamitatem
701 896 871 939 Siciliae
923 900 1100 952 possent
1149 912 1418 954 cognoscere.

79 954 300 998 Siculosne
329 956 509 1010 milites,
542 959 816 998 aratorumne
849 956 1026 1009 liberos,
1059 971 1240 1010 quorum
1272 960 1418 1012 patres

79 1018 248 1056 tantum
275 1014 423 1056 labore
450 1029 526 1056 suo
552 1015 758 1056 frumenti
790 1015 1037 1068 exarabant,
1069 1018 1117 1056 ut
1148 1016 1309 1070 populo
1336 1016 1419 1058 Ro-

79 1088 206 1114 mano
250 1073 416 1127 totique
453 1073 607 1114 Italiae
652 1074 924 1128 suppeditare
969 1076 1164 1128 possent,
1209 1089 1335 1116 eosne
1375 1075 1419 1116 in

78 1132 220 1173 insula
242 1131 407 1173 Cereris
432 1134 572 1186 natos,
603 1132 677 1173 ubi
702 1132 889 1186 primum
914 1132 1061 1188 fruges
1094 1133 1293 1174 inventae
1326 1148 1418 1174 esse

27 1203 59 1227 15
81 1191 294 1244 dicuntur,
340 1204 387 1231 eo
433 1190 527 1232 cibo
570 1205 661 1231 esse
699 1205 818 1244 usos,
863 1206 887 1232 a
926 1205 1008 1244 quo
1047 1192 1232 1232 maiores
1271 1206 1418 1233 eorum

79 1252 240 1291 ceteros
263 1263 430 1303 quoque
449 1248 647 1304 frugibus
668 1249 853 1290 inventis
876 1252 1167 1291 removerunt!
1215 1250 1274 1291 Te
1300 1265 1419 1304 prae-

78 1311 172 1349 tore
199 1306 331 1349 Siculi
363 1308 522 1348 milites
550 1308 791 1362 palmarum
824 1308 1044 1362 stirpibus,
1076 1308 1243 1362 piratae
1275 1307 1418 1350 Siculo

78 1366 293 1407 frumento
335 1366 579 1407 alebantur!
637 1366 671 1407 O
705 1367 997 1420 spectaculum
1028 1368 1233 1408 miserum
1267 1370 1395 1421 atque
1425 1376 1491 1407 100

80 1425 296 1466 acerbum!
329 1424 515 1466 ludibrio
548 1439 639 1466 esse
671 1425 790 1466 urbis
824 1425 1020 1480 gloriam,
1052 1426 1202 1479 populi
1235 1425 1419 1466 Romani

26 1496 59 1521 20
78 1498 253 1536 nomen,
290 1483 511 1524 hominum
550 1486 807 1524 conventum
845 1486 973 1536 atque
1006 1484 1327 1525 multitudinem
1360 1488 1421 1539 pi-

78 1542 213 1583 ratico
235 1542 504 1595 myoparoni!
536 1541 580 1582 in
600 1545 728 1596 portu
750 1541 1017 1595 Syracusano
1039 1542 1089 1582 de
1110 1542 1247 1583 classe
1273 1543 1421 1597 populi

78 1600 263 1642 Romani
312 1600 579 1666 triumphum
631 1614 757 1655 agere
807 1600 1011 1654 piratam,
1064 1615 1157 1641 cum
1207 1602 1419 1655 praetoris

78 1658 330 1700 inertissimi
366 1658 702 1713 nequissimique
741 1659 887 1700 oculos
922 1658 1187 1713 praedonum
1219 1660 1326 1700 remi
1358 1675 1421 1702 re-

80 1718 349 1773 spergereut!

25 1788 59 1813 25
167 1777 453 1830 Posteaquam
492 1790 513 1816 e
548 1778 677 1830 portu
708 1775 874 1830 piratae
905 1790 992 1816 non
1023 1780 1141 1817 metu
1174 1777 1317 1830 aliquo
1352 1777 1420 1818 ad-

78 1835 197 1887 fecti,
235 1835 308 1876 sed
344 1835 546 1875 satietate
579 1834 788 1886 exierunt,
827 1836 920 1874 tum
953 1837 1184 1889 coeperunt
1217 1850 1420 1889 quaerere

78 1893 273 1935 homines
327 1907 500 1934 causam
549 1892 666 1933 illius
717 1894 864 1933 tantae
916 1893 1189 1934 calamitatis.
1266 1893 1420 1935 Dicere

80 1966 226 1994 omnes
254 1954 296 1993 et
328 1952 472 2006 palam
505 1951 724 2005 disputare
757 1951 931 1992 minime
964 1966 1056 1992 esse
1088 1952 1349 2006 mirandum,
1384 1954 1419 1993 si

78 2011 314 2066 remigibus
353 2010 647 2063 militibusque
686 2009 891 2063 dimissis,
929 2010 1106 2063 reliquis
1145 2013 1338 2065 egestate
1378 2014 1420 2052 et

27 2081 60 2106 30
78 2069 192 2110 fame
224 2068 420 2123 perditis,
452 2071 651 2122 praetore
683 2070 750 2108 tot
783 2068 870 2108 dies
903 2083 998 2109 cum
1032 2068 1293 2110 mulierculis
1326 2084 1419 2124 per-

78 2130 257 2182 potante
301 2129 424 2168 tanta
460 2126 699 2182 ignominia
737 2128 780 2166 et
818 2127 1042 2167 calamitas
1082 2131 1194 2167 esset
1232 2132 1416 2182 accepta.

80 2186 195 2228 Haec
217 2189 359 2227 autem
379 2185 505 2226 istius
525 2184 786 2250 vituperatio
814 2188 942 2239 atque
968 2185 1147 2226 infamia
1173 2186 1394 2227 confirma·
1424 2200 1487 2231 101

78 2246 206 2286 batur
233 2259 379 2286 eorum
407 2257 611 2295 sermone,
645 2244 717 2297 qui
743 2258 768 2284 a
795 2243 881 2284 suis
908 2243 1156 2284 civitatibus
1183 2244 1271 2285 illis
1300 2245 1418 2285 navi-

78 2304 158 2344 bus
202 2302 440 2358 praepositi
483 2301 667 2343 fuerant.
728 2301 809 2349 Qui
847 2316 896 2342 ex
933 2302 1009 2343 illo
1048 2317 1225 2343 numero
1263 2303 1419 2357 reliqui

26 2373 59 2398 ³5
80 2361 311 2416 Syracusas
339 2361 475 2402 classe
506 2360 665 2401 amissa
696 2360 957 2415 refugerant,
990 2356 1200 2408 (licebant,
1233 2364 1337 2414 quot
1369 2376 1419 2402 ex

80 2435 157 2461 sua
195 2421 371 2475 quisque
403 2433 510 2460 nave
543 2418 697 2460 missos
731 2419 857 2460 sciret
891 2433 993 2460 esse
1071 2419 1134 2460 les
1168 2424 1260 2460 erat
1292 2421 1419 2473 clara,

78 2493 214 2533 neque
261 2479 400 2519 solum
445 2477 727 2533 argumentis,
773 2477 846 2518 sed
891 2477 1021 2518 etiam
1063 2477 1191 2519 certis
1232 2479 1417 2519 testibus

150 2553 218 2579 cro.
239 2553 280 2579 11.
302 2555 324 2578 1.
1092 2550 1135 2578 30
