1675 2574
498 122 598 158 CAP.
625 126 716 159 6-8
742 126 760 166 ὅ
789 126 924 158 16—22
1333 123 1389 164 39

52 219 190 261 noctis
212 218 375 260 occisus
390 221 515 272 esset,
534 219 673 273 primo
689 219 875 261 diluculo
894 219 1070 260 nuntius
1084 218 1155 260 hic
1168 218 1390 259 Ameriam

52 277 188 331 venit3
219 276 363 318 decem
388 275 507 318 horis
532 278 753 319 nocturnis
780 292 852 319 sex
873 280 915 319 et
936 277 1251 332 quinquaginta
1269 277 1391 318 milia

50 349 252 391 passuum
296 335 410 376 cisiis
455 336 711 390 pervolavit,
754 351 840 378 non
884 336 1009 378 modo
1050 339 1099 377 ut
1140 337 1391 390 exoptatum

50 393 221 436 inimico
252 394 451 434 nuntium
482 394 646 448 primus
679 394 881 449 adferret,
920 395 992 436 sed
1024 394 1155 436 etiam
1196 408 1390 436 cruorem

7 451 9 458 ⁴
53 451 212 494 inimici
250 466 379 506 quam
415 453 758 494 recentissimum
795 454 1014 508 telumque
1052 453 1182 508 paulo
1229 455 1328 494 ante
1369 466 1390 493 e

51 524 227 566 corpore
268 513 508 552 extractum
546 511 800 553 ostenderet.
862 511 1126 565 Quadriduo,
1164 525 1247 565 quo
1285 511 1392 552 haec

10 615 11 626 γ
52 571 174 625 gesta
211 572 328 623 sunt,
369 583 436 610 res
470 569 523 610 ad
555 569 886 624 Chrysogonum
918 571 962 612 in
994 573 1136 613 castra
1166 569 1214 611 L.
1246 568 1392 611 Sullae

51 627 303 669 Volaterras
343 627 550 681 defertur-3
594 629 846 683 magnitudo
884 630 1088 684 pecuniae
1129 629 1392 670 demonstra-

12 699 13 735 ]
50 689 135 740 tur3
174 686 347 728 bonitas
387 686 659 740 praediorum
698 686 816 741 (nam
853 687 1008 729 fundos
1047 688 1192 729 decem
1230 690 1273 729 et
1303 690 1391 728 tres

52 745 237 799 reliquit,
265 745 337 799 qui
359 744 549 786 Tiberim
574 745 663 786 fere
690 759 836 786 omnes
857 746 1075 802 tangunt),
1094 747 1221 788 huius
1247 746 1393 800 inopia

14 848 15 851 Ἴ
51 806 94 846 et
131 803 319 846 solitudo
359 806 736 858 commemoratur3
782 804 1097 858 demonstrant,
1135 820 1231 847 cum
1268 807 1392 859 pater

49 862 225 904 huiusce
252 861 345 904 SeX.
370 862 563 916 Roscius,
594 863 723 904 homo
755 865 846 904 tam
879 864 1127 917 splendidus
1160 866 1202 905 et
1235 863 1393 919 gratio-

16 966 17 973 ,
51 935 135 975 SUS,
166 921 286 962 nullo
312 922 488 977 negotio
515 922 573 962 sit
599 922 774 974 occisus,
805 922 1009 976 perfacile
1035 922 1148 964 hunc
1173 922 1392 964 hominem

48 979 269 1021 incautum
313 984 356 1021 et
398 980 607 1022 rusticum
650 984 693 1022 et
728 980 890 1022 Romae
928 981 1126 1036 ignotum
1165 982 1215 1022 de
1253 980 1393 1022 medio

49 1038 147 1080 tolli
184 1053 329 1093 posse3
374 1039 426 1080 ad
470 1054 564 1080 eam
604 1053 694 1080 rem
739 1054 912 1093 operam
958 1055 1080 1080 suam
1122 1039 1393 1094 pollicentur.

20 1148 21 1151 Ἴ
49 1096 115 1139 Ne
147 1097 307 1139 diutius
339 1100 522 1151 teneam,
553 1098 725 1151 iudices,
758 1098 940 1139 societas
973 1099 1123 1140 coitur.
1172 1097 1282 1140 Cum
1306 1098 1394 1139 iam

49 1156 378 1211 proscriptionis
404 1157 565 1198 mentio
591 1157 713 1197 nulla
738 1157 871 1209 fieret,
899 1171 994 1198 cum
1021 1157 1153 1198 etiam
1174 1157 1248 1211 qui
1268 1159 1394 1197 antea

50 1217 292 1256 metuerant
329 1215 518 1257 redirent
564 1230 613 1257 ac
655 1216 742 1256 iam
787 1215 1010 1257 defunctos
1056 1230 1148 1257 sese
1191 1215 1394 1270 periculis

52 1273 384 1327 arbitrarentur,
431 1287 577 1315 nomen
619 1275 793 1325 refertur
834 1275 881 1315 in
925 1275 1085 1316 tabulas
1127 1274 1218 1316 Sex.
1261 1274 1395 1326 Rosci,

48 1331 234 1374 hominis
255 1332 560 1375 studiosissimi
578 1333 839 1386 nobilitatis,
860 1348 1060 1388 manceps
1081 1333 1131 1374 fit
1151 1331 1396 1388 Chrysogo—

26 1397 147 1442 nus3
188 1391 273 1433 tria
315 1392 493 1447 praedia
534 1392 603 1433 vel
646 1392 918 1433 nobilissima
971 1391 1172 1446 Capitoni
1219 1391 1396 1446 propria

28 1450 297 1504 traduntur,
348 1465 456 1504 quae
499 1450 627 1492 hodie
671 1451 882 1505 possidet,
927 1451 973 1492 in
1012 1451 1200 1504 reliquas
1247 1464 1395 1491 omnes

28 1507 245 1550 fortunas
277 1509 360 1550 iste
386 1509 433 1550 T.
459 1508 639 1550 Roscius
670 1509 842 1550 nomine
869 1509 1156 1564 Chrysogoni,
1189 1523 1316 1563 quem
1342 1508 1396 1550 ad

48 1567 222 1609 modum
241 1568 333 1622 ipse
354 1568 468 1621 dicit,
499 1568 710 1622 impetum
740 1567 856 1609 facit.
899 1567 1017 1610 Haec
1037 1568 1151 1609 bona
1171 1567 1395 1623 sexagiens

49 1624 121 1668 HS
141 1628 340 1667 emuntur
360 1627 524 1667 duobus
545 1626 720 1667 milibus
739 1641 974 1668 nummum.
1017 1626 1136 1668 Haec
1153 1627 1308 1679 omnia,
1336 1627 1396 1668 iu-

50 1685 173 1739 dices,
193 1685 463 1740 imprudente
485 1684 530 1727 L.
554 1684 676 1726 Sulla
699 1684 816 1726 facta
843 1700 934 1727 esse
962 1688 1079 1727 certo
1107 1686 1206 1727 scio.
1243 1684 1395 1739 Neque

32 1741 162 1785 enim
201 1744 376 1798 mirum,
418 1759 515 1786 cum
546 1743 695 1786 eodem
726 1746 920 1799 tempore
953 1747 996 1785 et
1028 1759 1094 1797 ea,
1133 1759 1241 1798 quae
1272 1758 1396 1799 prae-

34 1802 179 1844 terita
210 1805 331 1857 sunt,
368 1806 486 1845 sanet
515 1806 558 1844 et
590 1817 657 1856 ea,
690 1817 798 1856 quae
830 1803 1030 1844 videntur
1061 1803 1243 1857 instare,
1274 1817 1395 1857 prae-

34 1854 188 1916 paret,
230 1876 326 1904 cum
358 1864 401 1903 et
437 1861 556 1916 pacis
594 1861 918 1904 constituendae
956 1862 1170 1904 rationem
1208 1864 1251 1904 et
1290 1861 1395 1903 belli

35 1916 225 1976 gerendi
255 1922 518 1976 potestatem
551 1920 669 1962 solus
694 1920 866 1974 habeat,
897 1936 993 1963 cum
1019 1935 1166 1962 omnes
1192 1921 1238 1961 in
1263 1935 1395 1961 unum

37 1982 260 2041 spectent,
306 1994 416 2021 unus
458 1979 602 2021 omnia
646 1979 875 2034 gubernet,
924 1995 1020 2021 cum
1063 1982 1131 2021 tot
1174 1979 1394 2032 tantisque

38 2038 236 2093 negotiis
278 2038 490 2080 distentus
523 2038 597 2090 sit,
635 2041 683 2078 ut
714 2039 927 2093 respirare
958 2039 1093 2079 libere
1125 2052 1213 2079 non
1243 2037 1393 2092 possit,

38 2096 86 2138 lsi
111 2097 272 2152 aliquid
295 2111 384 2139 non
409 2097 737 2150 animadvertat,
764 2112 859 2138 cum
879 2097 1136 2151 praesertim
1155 2099 1246 2137 tam
1267 2096 1395 2137 multi

40 2156 372 2211 occupationem
417 2156 506 2197 eius
553 2156 781 2197 observent
824 2159 1080 2210 tempusque
1119 2158 1394 2210 aucupentur,

42 2255 43 2263 ,
79 2216 110 2268 t,
141 2215 268 2257 simul
302 2215 535 2269 atquejlle
569 2214 826 2268 despexerit,
866 2214 1029 2268 aliquid
1065 2214 1240 2255 huiusce
1278 2213 1395 2255 modi

43 2273 296 2322 nouantur.
356 2273 454 2315 Huc
486 2273 666 2325 accedit,
699 2273 823 2327 quod,
857 2273 1052 2327 quamvis
1083 2273 1157 2314 ille
1188 2272 1292 2314 felix
1325 2272 1394 2326 sit,

51 2330 160 2373 icut
186 2335 262 2388 est,
293 2334 440 2374 tamen
467 2332 544 2385 [in]
572 2334 696 2373 tanta
720 2332 928 2374 felicitate
954 2347 1079 2374 nemo
1111 2333 1258 2387 potest
1289 2345 1394 2387 esse,

1417 518 1463 549 20

1421 1075 1446 1116 8

1420 1127 1462 1158 21

1420 1700 1464 1732 22
