1618 2584
315 33 364 67 IN
393 33 430 69 C.
455 33 655 68 VERREM
682 33 824 69 ACTIO
852 33 1016 67 PRIMA.
1248 33 1326 73 121

0 133 130 172 strum
168 131 233 170 est
271 129 475 184 deligere,
514 144 638 184 quem
677 129 930 171 existimetis
969 129 1173 170 facillime
1205 144 1331 183 posse

0 187 332 243 magnitudinem
379 202 530 228 causae
577 203 624 229 ac
668 188 811 229 iudicii
849 188 1059 229 sustinere
1099 188 1195 240 fide,
1240 188 1331 228 dili-

0 247 152 303 gentia,
182 246 374 300 consilio,
407 247 675 288 auctoritate.
719 245 809 288 Vos
836 247 873 288 si
897 246 1002 288 mihi
1031 246 1076 295 Q.
1098 244 1332 287 Caecilium

0 305 337 358 anteposueritiS,
370 318 449 360 ego
484 320 549 346 me
583 305 793 359 dignitate
825 309 1072 359 superatum
1103 319 1189 345 non
1222 304 1332 345 arbi-

0 363 158 416 trabor3
204 363 387 416 populus
438 363 656 404 Romanus
707 378 759 404 ne
809 367 900 405 tam
944 364 1187 415 honestam,
1241 367 1331 404 tam

0 435 186 464 severam
213 421 547 476 diligentemque
574 421 889 463 accusationem
921 437 1057 476 neque
1090 421 1211 463 vobis
1244 422 1331 474 pla-

0 481 128 522 cuisse
148 494 284 534 neque
306 480 444 521 ordini
464 484 606 521 vestro
632 480 800 533 placere
828 481 1074 535 arbitretur,
1099 480 1333 536 providete.

337 832 399 878 M.
435 831 623 878 TULLI
662 831 990 879 CICERONIS

43 940 129 994 IN
186 939 242 995 C.
288 940 639 995 VERREM
694 939 943 995 ACTIO
998 940 1286 996 PRIMA.

195 1133 613 1175 ARGUMENTUM
645 1132 1127 1176 PSEUDO-ASCONI.

84 1213 194 1248 Victo
215 1213 376 1248 Caecilio
403 1215 441 1248 et
466 1213 702 1248 accusatione
729 1214 776 1248 ad
803 1224 840 1248 se
867 1213 992 1248 delata
1018 1214 1144 1248 Cicero
1172 1225 1254 1248 cum
1280 1214 1334 1247 in-

0 1260 199 1305 quisitionis
219 1263 367 1305 tenipus
393 1261 431 1294 in
458 1260 621 1295 Siciliam
648 1261 877 1305 postulasset
902 1261 979 1295 dies
1000 1260 1060 1295 CX
1087 1263 1125 1295 et
1150 1272 1231 1294 cum
1258 1261 1335 1295 filio

0 1308 115 1352 patrui
135 1308 192 1341 sui
209 1308 331 1342 Tullio
351 1310 471 1341 totam
490 1308 721 1352 provinciam
741 1308 960 1352 colligendis
980 1308 1114 1342 litteris
1134 1308 1171 1341 in
1180 1308 1333 1342 Verrem

0 1356 29 1389 3t
48 1354 308 1389 denuntiandis
328 1354 552 1389 testimoniis
572 1356 811 1399 peragrasset
836 1354 964 1389 diebus
985 1354 1024 1398 L,
1052 1354 1138 1398 quia
1163 1355 1334 1399 pedestre

0 1402 61 1436 iter
93 1413 136 1436 ex
167 1401 294 1436 Sicilia
326 1403 363 1435 et
393 1404 546 1446 propter
576 1401 756 1446 fugitivos
789 1403 825 1436 et
855 1403 1008 1446 propter
1027 1401 1153 1435 Verris
1179 1402 1334 1436 insidias

0 1448 199 1492 ievitabat,
233 1460 255 1482 a
274 1448 418 1482 Vibone
445 1448 602 1482 transiit.
648 1448 740 1482 Tam
766 1450 918 1492 repente
944 1448 1144 1483 adveniens
1171 1460 1254 1483 cum
1279 1449 1333 1483 vi-

0 1495 94 1530 leret
124 1496 163 1529 id
195 1496 273 1540 agi,
305 1498 348 1529 ut
379 1506 401 1529 a
426 1495 486 1529 Μ’.
509 1495 707 1530 Glabrione
732 1497 904 1539 praetore
931 1497 968 1529 et
994 1496 1039 1529 ab
1066 1495 1111 1529 iis
1137 1495 1334 1538 iudicibus,

0 1542 54 1586 lui
77 1544 164 1576 tunc
191 1544 312 1585 erant,
345 1542 392 1576 ad
418 1542 532 1576 alium
559 1554 696 1576 annum
723 1542 908 1585 aliumque
934 1544 1145 1586 praetorem
1170 1553 1226 1577 res
1252 1545 1334 1577 tota

0 1589 163 1624 transiret
183 1589 457 1634 eripereturque
479 1589 551 1623 sibi
575 1600 659 1623 reus
685 1588 893 1633 patrocinio
914 1589 1091 1623 Hortensi
1115 1600 1159 1623 ae
1178 1589 1331 1632 Metelli,

0 1636 51 1680 1ui
70 1638 158 1670 tunc
180 1636 348 1670 consules
371 1636 485 1670 futuri
508 1638 614 1670 erant
639 1638 720 1680 (per
745 1636 812 1670 hos
840 1646 985 1676 omnem
1000 1636 1132 1670 Verres
1159 1636 1333 1671 eludendi

0 1683 117 1717 iudicii
146 1682 321 1717 fiduciam
353 1685 592 1727 sumpserat),
631 1684 700 1717 hoc
733 1684 962 1717 commentus
995 1686 1051 1717 est
1082 1683 1253 1726 rationis,
1291 1686 1334 1718 ut

0 1730 196 1764 arationem
228 1730 378 1774 longam
409 1730 722 1774 praetermitteret
751 1740 870 1773 neque
902 1730 941 1763 in
969 1730 1184 1764 criminibus
1210 1731 1332 1765 decla-

0 1777 152 1812 matione
167 1777 397 1811 cumulandis
410 1780 558 1821 tempus
579 1778 800 1820 absumeret,
821 1777 886 1811 sed
904 1779 1051 1811 tantum
1070 1777 1180 1811 modo
1201 1777 1334 1812 citaret

0 1825 103 1859 testes
135 1824 183 1858 ad
214 1836 328 1858 unum
359 1824 529 1867 quodque
561 1824 699 1859 crimen
731 1825 941 1868 expositum
973 1826 1010 1858 et
1042 1835 1103 1858 eos
1133 1824 1333 1859 Hortensio

0 1870 273 1916 interrogandos
304 1871 424 1913 daret3
457 1882 530 1914 qua
556 1873 634 1906 arte
660 1873 715 1905 ita
740 1873 796 1905 est
820 1871 1003 1915 fatigatus
1028 1871 1265 1914 Hortensius,
1291 1874 1336 1905 ut

0 1917 100 1961 nihil,
138 1920 266 1952 contra
300 1918 399 1961 quod
431 1918 585 1961 diceret,
623 1918 823 1961 inveniret,
856 1917 934 1962 ipse
967 1918 1081 1951 etiam
1106 1917 1238 1952 Verres
1271 1918 1332 1952 de-

0 1966 138 2009 sperato
164 1965 373 2009 patrocinio
401 1976 467 1999 sua
493 1967 624 2010 sponte
651 1964 858 1999 discederet
882 1964 919 1998 in
946 1964 1107 1998 exilium.

83 2012 164 2047 Hoc
183 2011 298 2057 igitur
318 2012 466 2046 laborat
483 2012 522 2045 in
543 2011 709 2046 oratione
731 2012 799 2046 hac
818 2013 899 2046 tota
918 2011 1074 2054 Tullius,
1100 2012 1141 2045 ut
1162 2011 1335 2046 ostendat

0 2068 65 2093 non
84 2059 167 2094 dolo
193 2070 260 2093 nec
287 2059 443 2102 astutia,
478 2059 542 2093 sed
566 2058 788 2094 necessitate
814 2058 934 2092 facere
960 2058 1015 2101 id,
1042 2058 1140 2102 quod
1164 2058 1268 2101 fecit,
1296 2060 1335 2093 et

0 2105 110 2151 magis
131 2106 425 2140 adversariorum
445 2105 636 2140 fraudibus
661 2106 839 2148 occurrat,
866 2117 976 2149 quam
1001 2107 1043 2139 ut
1068 2105 1146 2149 ipse
1173 2105 1222 2139 sit
1247 2116 1331 2149 cap-

0 2151 118 2187 tiosus.
168 2152 260 2187 Vult
290 2153 404 2195 enirn,
437 2154 479 2187 ut
510 2153 685 2196 diximus,
719 2163 825 2187 omne
855 2152 927 2187 hoc
957 2154 1120 2196 tempus,
1151 2152 1250 2195 quod
1276 2154 1335 2186 est

0 2201 77 2234 ante
99 2199 182 2234 Kal.
201 2200 358 2243 Ianuar.‚
385 2199 602 2244 dispensare
628 2200 666 2234 in
690 2199 806 2234 totius
832 2209 964 2234 causae
991 2199 1186 2241 actionem,
1211 2210 1257 2233 ne
1285 2200 1332 2233 ad

0 2245 105 2280 nium
117 2248 326 2292 praetorem
342 2247 507 2291 aliosque
521 2247 660 2282 iudices
677 2247 782 2281 novis
804 2246 1015 2281 consulibus
1035 2245 1257 2281 veniendum
1272 2246 1330 2280 sit.
