1618 2584
379 221 467 256 LIB.
494 222 544 257 lv
589 222 689 257 CAP.
719 227 856 257 (32-64
883 226 902 265 ς
931 227 1125 258 138—143.
1330 223 1415 263 423

77 318 252 371 itaque
308 318 470 359 omnis
527 318 781 360 liberatos
832 318 1152 372 discessisse,
1209 321 1257 359 et
1307 333 1415 359 esse

78 376 310 432 ignotum
344 376 605 418 omnibus.'
667 376 780 424 Quas
810 391 890 432 ego
924 376 1091 418 litteras
1125 376 1414 432 obsignandas

78 435 250 490 publico
284 434 409 489 signo
443 435 814 490 deportandasque
846 435 1003 477 curavi.

166 493 230 534 De
268 493 515 535 laudatione
555 496 696 534 autem
737 493 847 535 ratio
887 494 946 535 sic
979 493 1085 535 mihi
1116 493 1282 535 reddita
1315 496 1392 535 est.
1421 502 1482 533 141

42 551 269 593 §Primum
308 567 403 593 cum
442 567 466 593 a
499 550 543 593 C.
568 551 701 592 Verre
740 552 910 593 litterae
950 553 1171 606 aliquanto
1211 555 1309 593 ante
1348 552 1416 593 ad·

77 613 252 651 ventum
283 625 425 652 meum
458 611 507 652 de
540 610 786 652 laudatione
818 611 1048 664 venissent,
1080 611 1188 652 nihil
1221 625 1314 652 esse
1347 611 1415 652 de-

77 671 259 722 cretum3
306 669 454 710 deinde
499 684 594 710 cum
639 669 813 723 quidam
855 684 904 711 ex
947 669 1067 711 illius
1110 669 1258 711 amicis
1303 684 1412 711 com·

77 730 300 769 monerent
340 730 538 782 oportere
577 728 762 782 decerni,
800 728 986 769 maximo
1025 728 1210 769 clamore
1250 742 1341 770 esse
1374 730 1416 769 et

76 786 266 828 convicio
299 786 565 841 repudiatos,
596 789 759 841 postea,
792 801 921 841 quom
954 801 1073 828 meus
1107 787 1315 828 adventus
1348 786 1416 829 ad-

25 857 58 882 10
77 845 398 900 propinquaret,
424 845 659 899 imperasse
682 859 791 899 eum,
817 845 890 899 qui
917 860 1129 887 summam
1154 847 1417 900 potestatem

24 1151 56 1177 15

24 1739 58 1765 25

25 2033 58 2059 30

25 2326 59 2352 85

76 904 272 956 haberet,
308 906 356 945 ut
389 903 682 958 decernerent,
715 904 930 946 decretum
961 904 1023 945 ita
1056 918 1166 958 esse,
1198 908 1246 945 ut
1278 905 1416 946 multo

76 963 174 1018 plus
206 963 272 1003 illi
304 962 495 1004 laudatio
530 963 633 1004 mali
666 977 793 1016 quam
825 963 929 1004 boni
959 966 1107 1017 posset
1140 962 1318 1005 adferre.
1368 962 1416 1004 ld

78 1022 200 1074 adeo,
232 1021 409 1074 iudices,
441 1024 490 1062 ut
519 1021 625 1062 mihi
657 1022 710 1063 ab
743 1021 831 1062 illis
865 1021 1207 1063 demonstratum
1240 1024 1324 1076 est,
1357 1022 1417 1063 sic

76 1095 152 1122 vos
185 1095 234 1121 ex
269 1095 335 1121 me
368 1080 625 1135 cognoscite.

166 1139 259 1180 Mos
293 1142 358 1180 est
391 1138 630 1193 Syracusis,
669 1142 733 1192 ut,
767 1140 801 1179 si
836 1154 920 1193 qua
953 1139 1002 1180 de
1031 1153 1076 1181 re
1109 1139 1161 1181 ad
1196 1142 1392 1181 senatum

76 1198 301 1252 referatur,
327 1198 440 1239 dicat
461 1197 731 1249 sententiam,
759 1198 831 1252 qui
857 1198 980 1251 velit3
1006 1198 1263 1239 nominatim
1291 1213 1416 1240 nemo

76 1259 268 1312 rogatur,
301 1259 343 1298 et
376 1260 531 1310 tamen,
564 1259 612 1297 ut
645 1256 823 1310 quisque
857 1259 998 1297 aetate
1032 1260 1074 1297 et
1106 1257 1269 1298 honore
1303 1260 1418 1298 ante-

77 1315 206 1369 cedit,
249 1315 311 1356 ita
352 1315 515 1370 primus
555 1315 665 1356 solet
704 1329 780 1356 sua
819 1317 972 1369 sponte
1012 1315 1167 1369 dicere,
1210 1315 1356 1369 itaque
1394 1330 1419 1356 a

77 1374 230 1416 ceteris
257 1374 295 1415 ei
321 1373 583 1427 conceditur3
614 1374 680 1414 sin
707 1374 936 1427 aliquando
962 1376 1107 1415 tacent
1134 1389 1294 1427 omnes,
1325 1377 1418 1415 tum

79 1433 233 1475 sortito
261 1435 473 1488 coguntur
506 1432 655 1473 dicere.
712 1430 816 1474 Cum
850 1432 919 1473 hic
952 1447 1044 1474 mos
1078 1435 1202 1486 esset,
1235 1433 1419 1474 refertur

79 1492 132 1534 ad
158 1494 354 1532 senatum
383 1491 432 1532 de
459 1491 705 1532 laudatione
726 1490 886 1532 Verris.
941 1490 993 1532 In
1024 1506 1107 1545 quo
1139 1491 1340 1546 primum,
1371 1494 1419 1532 ut

78 1551 242 1605 aliquid
271 1553 385 1592 esset
417 1564 573 1603 morae,
606 1549 733 1590 multi
764 1549 1063 1604 interpellant3
1096 1549 1145 1591 de
1174 1549 1267 1591 Sex.
1287 1549 1420 1591 Pedu-

77 1624 195 1662 caeo,
241 1609 313 1663 qui
358 1609 408 1650 de
452 1609 526 1650 illa
570 1608 744 1650 civitate
782 1611 960 1662 totaque
998 1608 1220 1663 provincia
1258 1608 1419 1663 optime

78 1668 256 1710 meritus
284 1670 414 1721 esset,
446 1681 538 1708 sese
571 1670 714 1721 antea,
747 1682 842 1708 cum
876 1667 1095 1708 audissent
1127 1667 1165 1708 ei
1196 1668 1419 1722 negotium

77 1727 345 1781 facessitum,
389 1740 568 1780 cumque
614 1741 709 1767 eum
753 1726 923 1781 publice
966 1740 1045 1781 pro
1090 1726 1287 1780 plurimis
1331 1726 1419 1767 eius

78 1789 121 1828 et
154 1786 353 1827 maximis
386 1785 552 1826 meritis
585 1785 760 1826 laudare
793 1787 1007 1838 cuperent,
1041 1799 1065 1826 a
1095 1784 1139 1826 C.
1159 1783 1293 1826 Verre
1325 1799 1421 1839 pro-

1432 1121 1489 1161 64

1422 1172 1488 1202 142

77 1845 240 1887 hibitos
273 1858 382 1897 esse3
418 1844 612 1898 iniquum
646 1857 754 1897 esse,
786 1843 962 1884 tametsi
994 1843 1240 1885 Peducaeus
1274 1858 1421 1885 eorum

77 1903 326 1945 laudatione
358 1903 445 1945 iam
477 1917 564 1944 non
595 1905 801 1955 uteretur,
832 1905 978 1943 tamen
1009 1916 1097 1944 non
1126 1902 1170 1943 id
1201 1902 1321 1957 prius
1355 1902 1421 1943 de-

78 1977 267 2016 cernere,
306 1961 418 2017 quod
457 1961 687 2016 aliquando
725 1961 982 2015 voluissent,
1022 1975 1150 2015 quam
1184 1961 1295 2015 quod
1328 1964 1420 2002 tum

80 2023 346 2077 cogerentur.
390 2019 675 2063 Conclamant
700 2034 847 2061 omnes
875 2022 917 2061 et
943 2020 1185 2074 adprobant
1210 2020 1273 2061 ita
1304 2020 1397 2060 fieri
1426 2028 1490 2059 143

79 2083 289 2135 oportere.
350 2079 553 2120 Refertur
592 2079 642 2120 de
673 2078 904 2120 Peducaeo.
960 2077 1022 2120 Ut
1061 2079 1239 2133 quisque
1280 2081 1421 2120 aetate

79 2143 122 2180 et
147 2139 310 2181 honore
337 2137 629 2191 antecedebat,
660 2137 723 2179 ita
749 2137 1008 2179 sententiam
1042 2137 1148 2178 dixit
1181 2152 1230 2178 ex
1263 2137 1421 2179 ordine.

77 2197 127 2239 Id
171 2197 275 2239 adeo
321 2212 370 2239 ex
413 2197 508 2251 ipso
554 2199 727 2238 senatus
773 2196 969 2238 consulto
1014 2196 1277 2251 cognoscite,
1321 2210 1421 2238 nam

77 2256 321 2312 principum
353 2255 592 2297 sententiae
624 2255 831 2310 perscribi
864 2255 1015 2296 solent.
1071 2255 1232 2297 Recita.
1286 2254 1420 2303 QUOD

79 2327 232 2357 VERBA
276 2326 428 2356 FACTA
475 2326 593 2357 SUNT
639 2326 701 2355 DE
746 2312 850 2355 SEX.
887 2313 1154 2356 PEDUCAEo.
1221 2313 1251 2365 †
1294 2313 1421 2367 Dicit,

78 2374 151 2428 qui
189 2374 318 2429 primi
351 2373 575 2415 suaserint.
633 2372 900 2414 Decernitur.
955 2372 1156 2414 Refertur
1189 2371 1337 2413 deinde
1371 2371 1421 2413 de

77 2432 224 2474 Verre.
279 2432 371 2488 Dic,
405 2447 575 2487 quaeso,
610 2446 692 2486 quo
720 2431 875 2473 modo?
922 2431 1054 2480 QUOD
1085 2442 1236 2472 VERBA
1269 2442 1421 2473 FACTA
