1618 2584
443 238 530 273 LIB.
548 232 583 273 'V
627 238 727 273 CAP.
756 242 892 282 55—57
920 242 938 280 ξ,
968 243 1161 273 143—148.
1384 240 1470 281 483
1498 292 1501 295 ,

138 337 181 377 et
230 349 323 376 eam
368 332 538 376 Siciliae
585 336 752 388 partem
795 334 983 375 tenuisse
1027 333 1192 376 dicitur.
1260 334 1321 375 At
1364 350 1471 389 quae

138 407 266 435 causa
303 395 395 433 tum
435 392 724 433 subiciebatur
762 392 815 433 ab
853 392 966 447 ipso,
1003 392 1181 446 iudices,
1217 392 1343 434 huius
1381 397 1470 435 tam

136 451 325 493 nefariae
347 451 642 492 crudelitatis?
687 450 860 504 Eadem,
887 465 994 504 quae
1019 465 1131 492 nunc
1155 450 1200 491 in
1227 450 1470 493 defensione

138 509 555 551 commemorabitur.
608 508 869 562 Quicumque
903 512 1169 551 accesserant
1202 509 1254 550 ad
1281 508 1471 551 Siciliam

102 579 117 604 ⁵
138 569 267 623 paulo
300 568 531 623 pleniores,
563 581 635 608 eos
668 566 938 608 Sertorianos
971 568 1129 608 milites
1163 581 1254 608 esse
1287 570 1415 622 atque
1448 584 1472 609 a

138 626 294 668 Dianio
320 626 468 681 fugere
495 625 675 667 dicebat.
723 625 793 666 Il'li
819 625 872 666 ad
899 626 1210 680 deprecandum
1236 626 1471 680 periculum

136 685 414 740 proferebant
464 684 539 725 alii
587 698 820 738 purpuram
865 684 1059 738 Tyriam,
1107 687 1175 725 tus
1223 684 1298 725 alii
1344 688 1471 739 atque

138 744 289 785 odores
315 746 560 796 vestemque
587 742 775 796 linteam,
809 756 1000 797 gemmas
1028 742 1100 783 alii
1128 745 1170 783 et
1198 743 1471 798 margaritas,

136 802 237 843 vina
261 816 347 843 non
371 801 481 842 nulli
508 800 671 842 Graeca
696 801 942 855 venalisque
968 801 1197 854 Asiaticos,
1227 804 1276 842 ut
1306 802 1472 843 intelle-

85 872 116 896 10
136 863 308 915 geretur
333 873 383 900 ex
409 859 633 913 mercibus,
666 859 818 913 quibus
846 874 894 900 ex
920 859 1026 900 locis
1057 859 1323 914 navigarent.
1372 859 1471 902 Non

134 918 412 973 providerant
438 932 508 959 eas
535 918 651 972 ipsas
679 918 761 958 sibi
787 932 936 959 causas
970 932 1062 958 esse
1094 918 1284 972 periculi,
1316 919 1470 972 quibus

136 977 401 1032 argumentis
450 990 494 1017 se
541 976 593 1017 ad
641 976 825 1017 salutem
868 976 932 1016 uti
980 976 1315 1018 arbitrabantur.
1381 977 1470 1018 Iste

135 1036 248 1076 enim
282 1035 397 1076 haec
441 1049 512 1076 eos
554 1049 603 1076 ex
644 1034 881 1088 piratarum
919 1034 1124 1075 societate
1163 1035 1339 1089 adeptos
1379 1050 1470 1079 esse

135 1094 321 1147 dicebat3
358 1094 475 1148 ipsos
512 1093 556 1134 in
594 1093 826 1148 lautumias
865 1092 1017 1134 abduci
1051 1093 1308 1147 imperabat,
1347 1094 1469 1135 navis

83 1163 114 1188 15
135 1154 429 1206 eoi·um·atque
451 1166 580 1193 onera
603 1151 832 1205 diligenter
852 1151 1117 1192 adservanda
1137 1152 1326 1193 curabat.
1364 1152 1444 1194 His
1474 1133 1539 1217 1331

134 1211 345 1252 institutis
402 1225 497 1251 cum
553 1210 789 1263 completus
845 1210 931 1250 iam
987 1212 1274 1251 mercatorum
1327 1226 1470 1252 carcer

135 1272 260 1323 esset,
292 1273 384 1310 tum
415 1268 492 1308 illa
523 1268 694 1321 fiebant,
727 1282 833 1320 quae
865 1267 911 1309 L.
938 1266 1143 1321 Suetium,
1176 1269 1362 1323 equitem
1389 1270 1470 1311 Ro-

97 1341 110 1351 ·
134 1342 325 1381 manum,
363 1325 644 1367 lectissimum
682 1325 838 1379 virum,
877 1326 1014 1367 dicere
1050 1326 1248 1380 audistis,
1287 1330 1329 1368 et
1362 1342 1469 1382 quae

97 1386 100 1389 ⁴
133 1388 295 1427 ceteros
323 1384 514 1426 audietis.
565 1383 759 1425 Cervices
792 1384 836 1424 in
868 1399 1034 1425 carcere
1065 1384 1378 1441 frangebantur
1409 1386 1469 1427 in-

81 1456 114 1480 20
134 1443 383 1499 dignissime
427 1442 582 1484 civium
619 1440 927 1496 Romanorum,
971 1445 1019 1483 ut
1062 1443 1149 1484 iam
1191 1444 1269 1485 illa
1306 1459 1388 1485 vox
1427 1448 1470 1485 et

132 1502 383 1557 inploratio:
412 1499 571 1542 ‘Civis
592 1499 845 1541 Romanus
873 1500 1013 1554 sum',
1040 1516 1147 1555 quae
1168 1516 1294 1556 saepe
1318 1503 1468 1544 multis

131 1561 175 1601 in
201 1560 366 1601 ultimis
393 1559 521 1600 terris
548 1573 671 1613 opem
698 1559 814 1599 inter
836 1559 1045 1600 barbaros
1073 1562 1115 1600 et
1142 1560 1324 1601 salutem
1354 1561 1468 1615 tulit,

133 1634 182 1661 ea
222 1621 403 1660 mortem
444 1617 532 1658 illis
574 1617 834 1659 acerbiorem
876 1620 919 1658 et
958 1618 1215 1672 supplicium
1258 1619 1467 1661 maturius

131 1678 274 1719 ferret.
337 1676 446 1725 Quid
483 1679 566 1729 est,
602 1675 789 1717 Verres?
834 1676 935 1730 quid
974 1677 1027 1718 ad
1064 1677 1169 1718 haec
1204 1677 1370 1732 cogitas
1402 1693 1467 1719 re-

79 1748 112 1772 25
133 1735 370 1791 spondere?
402 1749 504 1775 num
532 1734 704 1775 mentiri
730 1749 809 1788 me,
840 1749 942 1775 num
969 1735 1129 1790 fingere
1159 1735 1333 1790 aliquid,
1364 1751 1467 1777 num

132 1808 288 1850 augere
325 1793 513 1835 crimen?
557 1807 658 1833 num
697 1793 798 1846 quid
821 1793 988 1834 horum
1028 1794 1164 1835 dicere
1198 1794 1294 1835 istis
1328 1794 1467 1836 defen-

132 1853 300 1894 soribus
345 1852 430 1892 tuis
476 1851 634 1892 audes?
702 1850 815 1893 Cedo
854 1852 978 1905 mihi,
1023 1866 1199 1906 quaeso,
1243 1867 1293 1894 ex
1330 1853 1466 1906 ipsius

131 1911 226 1953 sinu
263 1911 432 1951 litteras
466 1908 848 1964 Syracusanorum,
886 1924 992 1964 quas
1031 1910 1113 1952 iste
1153 1911 1206 1952 ad
1238 1911 1466 1953 arbitrium

132 1985 255 2011 suum
275 1969 490 2011 confectas
515 1982 606 2010 esse
633 1968 880 2022 arbitratur,
907 1969 1008 2010 cedo
1035 1969 1245 2011 rationem
1272 1970 1466 2025 carceris,

46 2040 111 2068 ,eo
132 2042 239 2083 quae
274 2027 602 2082 diligentissime
636 2027 875 2080 conficitur,
913 2041 996 2081 quo
1030 2028 1209 2081 quisque
1242 2028 1307 2069 die
1341 2029 1465 2070 datus

129 2087 173 2128 in
194 2086 443 2139 custodiam,
470 2100 553 2139 quo
574 2088 781 2138 mortuus,
808 2100 891 2139 quo
910 2088 1086 2127 necatus
1114 2086 1181 2127 sit.
1230 2086 1464 2128 LITTERAE

130 2143 542 2187 SYRACUSANORUM.
603 2143 771 2185 Videtis
812 2143 924 2185 cives
965 2144 1183 2186 Romanos
1226 2146 1439 2200 gregatim
1469 2154 1534 2185 148

130 2203 344 2246 coniectos
382 2203 426 2243 in
463 2202 713 2255 lautumias,
756 2202 910 2243 videtis
947 2202 1248 2258 indignissimo
1287 2204 1332 2244 in
1369 2205 1463 2247 loco

130 2264 425 2304 coacervatam
447 2260 765 2302 multitudinem
786 2263 1027 2302 vestrorum
1051 2262 1218 2303 civium.
1265 2261 1465 2310 Quaerite

76 2331 109 2356 35
129 2335 241 2362 nunc
276 2320 478 2375 vestigia,
517 2319 671 2373 quibus
704 2319 841 2360 exitus
874 2334 1019 2360 eorum
1052 2335 1102 2361 ex
1134 2320 1210 2361 illo
1243 2321 1337 2362 loco
1370 2336 1465 2362 con-

128 2382 319 2433 pareant.
368 2378 502 2419 Nulla
528 2381 638 2419 sunt.
666 2377 899 2419 ‚Omnesne
926 2378 1115 2420 mortui‘?
1159 2377 1203 2428 Si
1229 2379 1291 2420 ita
1317 2384 1465 2434 posset
1486 2425 1490 2428 .

130 2437 370 2490 defendere,
401 2439 545 2478 tamen
571 2436 675 2477 fides
707 2436 805 2478 huic
838 2436 1072 2478 defensioni
1103 2452 1189 2478 non
1220 2437 1463 2480 haberetur.

1110 2505 1181 2539 31*
