1618 2584
350 285 437 319 LIB.
466 286 480 318 Ι
537 285 639 319 CAP.
668 289 722 328 44,
751 288 793 319 45
822 287 840 325 ξ
867 289 1062 319 112-117.
1294 286 1376 326 183

39 381 248 424 Minucius
288 380 460 435 quidam
494 383 687 422 mortuus
722 383 786 422 est
819 382 917 421 ante
950 380 1081 421 istum
1115 383 1377 434 praetorem3

40 441 127 481 cius
145 442 452 481 testamentum
468 443 560 480 erat
577 441 760 493 nullum,
783 440 876 494 lege
894 439 1108 480 hereditas
1131 439 1184 480 ad
1205 442 1377 495 gentem

37 498 268 540 Minuciam
306 499 517 539 veniebat.
573 496 617 538 Si
654 499 876 539 habuisset
907 498 989 539 iste
1022 498 1224 551 edictum,
1265 499 1377 552 quod

39 559 138 598 ante
168 557 299 597 istum
333 560 376 597 et
407 560 558 611 postea
590 571 734 598 omnes
768 557 1021 610 habuerunt,
1053 557 1268 611 possessio
1301 557 1377 598 Mi-

3 626 18 650 5
37 615 186 656 nuciae
207 616 325 669 genti
349 618 462 656 esset
489 616 607 667 data,
633 616 667 656 Si
696 616 789 669 quis
817 618 1078 657 testamento
1107 629 1150 656 se
1178 615 1376 657 heredem

39 689 130 715 esse
164 674 465 727 arbitraretur,
500 674 612 728 quod
644 676 735 714 tum
768 689 852 716 non
887 677 1068 726 extaret,
1101 675 1196 729 lege
1230 678 1377 730 ageret

36 733 80 773 in
112 732 394 773 hereditatem
429 736 514 785 aut,
546 747 622 786 pro
656 733 811 786 praede
845 733 934 773 litis
967 733 1249 774 vindiciarum
1282 749 1377 775 cum

38 791 143 832 satis
177 792 427 845 accepisset,
468 791 740 845 sponsionem
772 791 933 833 faceret
966 795 1007 832 et
1039 792 1101 832 ita
1133 792 1182 833 de
1214 792 1376 833 heredi-

35 851 126 891 tate
158 852 353 891 certaret.
409 849 520 901 Hoc,
553 850 722 903 opinor,
754 850 844 891 iure
877 853 919 890 et
952 850 1133 891 maiores
1164 851 1304 892 nostri
1337 854 1379 892 et

2 920 115 949 01105
143 923 309 961 semper
335 909 400 949 usi
429 924 584 949 sumus.
629 907 794 962 Videte,
827 912 875 949 ut
907 908 988 950 hoc
1019 909 1101 949 iste
1135 910 1376 951 correxerit.

37 966 267 1021 Componit
312 967 497 1008 edictum
540 967 592 1008 iis
631 967 790 1020 verbis,
836 970 883 1008 ut
922 967 1061 1020 quivis
1100 968 1352 1024 intellegere
1382 978 1446 1008 116

35 1029 182 1080 posset
211 1026 335 1067 unius
369 1026 556 1067 hominis
589 1040 716 1067 causa
749 1025 1039 1079 conscriptum
1073 1041 1175 1079 esse,
1209 1030 1379 1068 tantum

35 1085 148 1138 quod
187 1085 405 1126 hominem
444 1099 529 1126 non
567 1085 780 1138 nominat3
820 1099 991 1126 causam
1032 1085 1202 1139 quidem
1241 1089 1378 1127 totam

34 1144 279 1198 perscribit,
335 1144 418 1197 ius,
475 1144 845 1197 consuetudinem,
901 1144 1183 1197 aequitatem,
1240 1145 1378 1186 edicta

2 1213 16 1237 ⁵
37 1202 226 1243 0111010111
254 1203 458 1258 neglegit.
509 1202 573 1243 Ex
606 1213 777 1244 EDICTO
811 1203 1008 1244 UREANO.
1065 1201 1110 1243 SI
1143 1215 1204 1243 DE
1238 1215 1377 1244 HERE-

35 1273 208 1302 DITATE
250 1272 504 1302 AMBIGITUR
536 1286 589 1290 —
628 1285 676 1290 —-
719 1273 759 1303 SI
800 1272 1055 1303 POSSESSOR
1091 1273 1378 1303 SPONSIONEM

36 1332 131 1361 NON
162 1331 344 1361 FACIET.
396 1320 485 1361 lam
520 1320 618 1373 quid
654 1320 705 1361 ad
737 1323 993 1374 praetorem,
1025 1323 1121 1361 uter
1155 1335 1379 1373 possessor

37 1379 121 1420 sit?
154 1393 294 1420 nonne
320 1379 362 1419 id
390 1379 537 1433 quaeri
565 1382 748 1432 oportet,
781 1382 925 1420 utrum
958 1393 1252 1433 possessorem
1286 1394 1377 1421 esse

36 1438 262 1491 oporteat?
312 1437 449 1493 Ergo,
483 1438 583 1491 quia
614 1452 838 1492 possessor
871 1441 953 1491 est,
986 1452 1071 1478 non
1103 1452 1249 1479 moves
1283 1453 1377 1493 pos-

0 1506 16 1531 0
36 1497 242 1549 sessione,
275 1497 309 1537 si
336 1510 558 1550 possessor
583 1512 668 1537 non
703 1499 827 1549 esset,
859 1512 944 1538 non
977 1496 1129 1538 dares?
1162 1511 1376 1551 nusquam

36 1556 147 1596 enim
176 1555 338 1606 scribis,
370 1569 504 1608 neque
532 1558 579 1595 tu
612 1556 728 1596 aliud
761 1555 989 1609 quicquam
1023 1556 1160 1596 edicto
1194 1557 1376 1610 amplec-

36 1614 138 1654 teris
179 1614 259 1654 nisi
300 1628 393 1654 eam
433 1628 623 1665 causam,
656 1628 732 1667 pro
767 1629 850 1667 qua
883 1614 1106 1667 pecuniam
1141 1629 1375 1667 acceperas.

36 1672 125 1713 lam
146 1672 226 1713 hoc
247 1672 471 1713 ridiculum
494 1676 575 1712 est:
604 1671 648 1712 S1
670 1685 731 1713 DE
759 1684 1060 1713 HEREDITATE
1082 1684 1352 1714 AMBIGETUR
1381 1681 1444 1713 117

35 1743 92 1772 ET
144 1743 356 1771 TAEULAE
408 1742 695 1772 TESTAMENTI
748 1743 1039 1773 OBSIGNATAE
1092 1743 1187 1772 NON
1235 1744 1376 1774 MINUS

1 1801 201 1831 5MULTIS
236 1800 400 1843 SIGNIS,
440 1801 564 1838 QUAM
598 1803 623 1830 E
656 1801 777 1831 LEGE
812 1801 1043 1843 OPORTET,
1079 1802 1140 1831 AD
1174 1803 1236 1831 ME
1270 1803 1375 1833 PRO-

36 1860 300 1901 FERENTUR,
338 1859 586 1889 SECUNDUM
618 1860 824 1890 TAEULAS
859 1860 1153 1890 TESTAMENTI
1186 1861 1377 1891 POTISSI-

35 1919 135 1949 MUM
156 1918 492 1949 POSSESSIONEM
514 1918 650 1948 DABO,
689 1907 781 1948 Hoc
803 1908 1121 1948 translaticium
1144 1910 1226 1961 est3
1258 1909 1377 1962 sequi

35 1966 141 2007 illud
180 1969 367 2020 oportet:
411 1965 457 2007 SI
495 1978 707 2007 TAEULAE
744 1977 1037 2007 TESTAMENTI
1075 1979 1171 2008 NON
1208 1979 1375 2008 PROFE-

36 2036 233 2066 RENTUR.
292 2023 401 2072 Quid
428 2024 517 2065 ait?
551 2023 602 2065 Se
630 2025 668 2066 ei
695 2025 906 2079 daturum,
938 2026 1009 2079 qui
1037 2040 1081 2066 se
1114 2026 1227 2066 (licat
1259 2026 1377 2066 here-

2 2095 16 2119 0
37 2083 131 2125 dem
165 2098 267 2124 esse.
324 2082 433 2131 Quid
467 2098 568 2138 ergo
602 2084 798 2137 interest,
831 2084 1106 2137 proferantur
1137 2085 1297 2125 necne?
1332 2084 1377 2125 Si

36 2143 282 2197 protulerit,
326 2156 410 2183 uno
455 2142 577 2196 signo
622 2145 670 2183 ut
714 2142 771 2183 sit
816 2143 973 2195 minus,
1020 2157 1148 2196 quam
1194 2157 1243 2183 ex
1281 2143 1375 2198 lege

37 2205 219 2255 oportet,
250 2215 336 2242 non
366 2201 437 2242 des
465 2201 796 2254 possessionem,
831 2201 867 2242 si
893 2201 1065 2243 omnino
1093 2202 1265 2242 tabulas
1289 2216 1377 2243 non

28 2259 237 2313 proferet,
269 2260 420 2301 dabis‘?
478 2258 587 2307 Quid
613 2274 723 2301 nunc
757 2260 893 2301 dicam
926 2260 1140 2301 neminem
1171 2275 1375 2314 umquam

37 2318 116 2360 hoc
168 2321 319 2372 postea
369 2319 501 2359 alium
553 2318 763 2359 edixisse?
816 2319 940 2360 valde
992 2319 1049 2360 sit
1099 2319 1256 2360 mirum
1304 2333 1374 2360 ne·

3 2388 17 2412 5
38 2377 194 2418 minem
225 2377 374 2430 fuisse,
407 2377 479 2431 qui
511 2377 636 2418 istius
670 2392 712 2418 se
747 2378 930 2418 Similem
964 2378 1045 2419 dici
1077 2378 1218 2419 vellet.
1278 2377 1376 2432 Ipse

36 2435 80 2475 in
107 2433 317 2476 Siciliensi
344 2436 480 2477 edicto
508 2436 588 2477 hoc
615 2451 701 2477 non
726 2436 874 2489 habet,
909 2439 1110 2492 exegerat
1143 2437 1256 2478 enim
1288 2437 1376 2478 iam

37 2494 290 2548 mercedem3
327 2495 432 2536 item
470 2497 518 2536 ut
555 2495 631 2536 illo
666 2495 820 2547 edicto,
860 2496 909 2536 de
943 2510 1025 2549 quo
1059 2498 1157 2537 ante
1191 2495 1294 2550 dixi,
1331 2496 1376 2537 in
