<?xml version="1.0" encoding="UTF-8"?>
<!DOCTYPE html PUBLIC "-//W3C//DTD XHTML 1.0 Transitional//EN"
    "http://www.w3.org/TR/xhtml1/DTD/xhtml1-transitional.dtd">
<html xmlns="http://www.w3.org/1999/xhtml" xml:lang="en" lang="en">
 <head>
  <title>
</title>
<meta http-equiv="Content-Type" content="text/html;charset=utf-8" />
  <meta name='ocr-system' content='tesseract 3.04.00' />
  <meta name='ocr-capabilities' content='ocr_page ocr_carea ocr_par ocr_line ocrx_word'/>
</head>
<body>
  <div class='ocr_page' id='page_1' title='image "./p1scriptaquaemanse02ciceuoft_0195.png"; bbox 0 0 1618 2584; ppageno 0'>
   <div class='ocr_carea' id='block_1_1' title="bbox 303 43 1388 86">
    <p class='ocr_par' dir='ltr' id='par_1_1' title="bbox 303 43 1388 86">
     <span class='ocr_line' id='line_1_1' title="bbox 303 43 1388 86; baseline 0.002 -9"><span class='ocrx_word' id='word_1_1' title='bbox 303 43 397 78; x_wconf 85' lang='lat' dir='ltr'><strong>PRO</strong></span> <span class='ocrx_word' id='word_1_2' title='bbox 423 43 462 85; x_wconf 94' lang='lat' dir='ltr'><strong>Q.</strong></span> <span class='ocrx_word' id='word_1_3' title='bbox 489 43 659 79; x_wconf 81' lang='lat' dir='ltr'>ROSCIO</span> <span class='ocrx_word' id='word_1_4' title='bbox 686 43 913 79; x_wconf 85' lang='lat' dir='ltr'>COMOEDO</span> <span class='ocrx_word' id='word_1_5' title='bbox 939 43 1130 79; x_wconf 85' lang='lat' dir='ltr'>ORATIO.</span> <span class='ocrx_word' id='word_1_6' title='bbox 1335 45 1388 86; x_wconf 79' lang='lat'><strong>81</strong></span> 
     </span>
    </p>
   </div>
   <div class='ocr_carea' id='block_1_2' title="bbox 20 138 1391 358">
    <p class='ocr_par' dir='ltr' id='par_1_2' title="bbox 20 138 1391 358">
     <span class='ocr_line' id='line_1_2' title="bbox 22 138 1391 195; baseline 0.001 -13"><span class='ocrx_word' id='word_1_7' title='bbox 22 154 103 182; x_wconf 82' lang='lat' dir='ltr'><strong>ex</strong></span> <span class='ocrx_word' id='word_1_8' title='bbox 139 138 330 193; x_wconf 87' lang='lat' dir='ltr'><strong>civitate,</strong></span> <span class='ocrx_word' id='word_1_9' title='bbox 367 138 543 194; x_wconf 90' lang='lat' dir='ltr'><strong>iudices,</strong></span> <span class='ocrx_word' id='word_1_10' title='bbox 581 140 691 182; x_wconf 87' lang='lat' dir='ltr'><strong>hanc</strong></span> <span class='ocrx_word' id='word_1_11' title='bbox 729 140 820 195; x_wconf 89' lang='lat' dir='ltr'><strong>pati</strong></span> <span class='ocrx_word' id='word_1_12' title='bbox 857 140 992 181; x_wconf 88' lang='lat' dir='ltr'><strong>nolite</strong></span> <span class='ocrx_word' id='word_1_13' title='bbox 1031 139 1190 181; x_wconf 90' lang='lat' dir='ltr'><strong>diutius</strong></span> <span class='ocrx_word' id='word_1_14' title='bbox 1228 140 1274 182; x_wconf 90' lang='lat' dir='ltr'><strong>in</strong></span> <span class='ocrx_word' id='word_1_15' title='bbox 1309 141 1391 184; x_wconf 86' lang='lat' dir='ltr'><strong>hac</strong></span> 
     </span>
     <span class='ocr_line' id='line_1_3' title="bbox 50 197 1391 253; baseline 0.001 -13"><span class='ocrx_word' id='word_1_16' title='bbox 50 211 97 240; x_wconf 87' lang='lat' dir='ltr'><strong>re</strong></span> <span class='ocrx_word' id='word_1_17' title='bbox 134 197 306 251; x_wconf 90' lang='lat' dir='ltr'><strong>publica</strong></span> <span class='ocrx_word' id='word_1_18' title='bbox 341 198 523 252; x_wconf 80' lang='lat' dir='ltr'><strong>versari3</strong></span> <span class='ocrx_word' id='word_1_19' title='bbox 563 213 670 253; x_wconf 85' lang='lat' dir='ltr'><strong>quae</strong></span> <span class='ocrx_word' id='word_1_20' title='bbox 710 213 797 241; x_wconf 90' lang='lat' dir='ltr'><strong>non</strong></span> <span class='ocrx_word' id='word_1_21' title='bbox 840 198 965 240; x_wconf 93' lang='lat' dir='ltr'><strong>modo</strong></span> <span class='ocrx_word' id='word_1_22' title='bbox 997 198 1041 239; x_wconf 92' lang='lat' dir='ltr'><strong>id</strong></span> <span class='ocrx_word' id='word_1_23' title='bbox 1083 199 1216 240; x_wconf 87' lang='lat' dir='ltr'><strong>habet</strong></span> <span class='ocrx_word' id='word_1_24' title='bbox 1258 198 1303 240; x_wconf 87' lang='lat' dir='ltr'><strong>in</strong></span> <span class='ocrx_word' id='word_1_25' title='bbox 1347 214 1391 241; x_wconf 91' lang='lat' dir='ltr'><strong>se</strong></span> 
     </span>
     <span class='ocr_line' id='line_1_4' title="bbox 20 255 1391 310; baseline 0.001 -12"><span class='ocrx_word' id='word_1_26' title='bbox 20 291 23 302; x_wconf 77' lang='grc'>,</span> <span class='ocrx_word' id='word_1_27' title='bbox 51 256 166 309; x_wconf 87' lang='lat' dir='ltr'><strong>mali,</strong></span> <span class='ocrx_word' id='word_1_28' title='bbox 198 255 311 309; x_wconf 85' lang='lat' dir='ltr'><strong>quod</strong></span> <span class='ocrx_word' id='word_1_29' title='bbox 335 257 403 297; x_wconf 87' lang='lat' dir='ltr'><strong>tot</strong></span> <span class='ocrx_word' id='word_1_30' title='bbox 429 256 541 297; x_wconf 90' lang='lat' dir='ltr'><strong>cives</strong></span> <span class='ocrx_word' id='word_1_31' title='bbox 568 257 834 298; x_wconf 74' lang='lat' dir='ltr'>atrocissime</span> <span class='ocrx_word' id='word_1_32' title='bbox 861 256 1047 310; x_wconf 72' lang='lat' dir='ltr'><strong>sustulit,</strong></span> <span class='ocrx_word' id='word_1_33' title='bbox 1078 271 1228 298; x_wconf 88' lang='lat' dir='ltr'><strong>verum</strong></span> <span class='ocrx_word' id='word_1_34' title='bbox 1260 257 1391 299; x_wconf 91' lang='lat' dir='ltr'><strong>etiam</strong></span> 
     </span>
     <span class='ocr_line' id='line_1_5' title="bbox 20 312 1391 358; baseline 0.001 -2"><span class='ocrx_word' id='word_1_35' title='bbox 20 312 294 356; x_wconf 80' lang='lat' dir='ltr'><strong>hominibus</strong></span> <span class='ocrx_word' id='word_1_36' title='bbox 333 314 562 356; x_wconf 84' lang='lat' dir='ltr'><strong>lenissimis</strong></span> <span class='ocrx_word' id='word_1_37' title='bbox 602 315 761 356; x_wconf 89' lang='lat' dir='ltr'><strong>ademit</strong></span> <span class='ocrx_word' id='word_1_38' title='bbox 801 315 1137 357; x_wconf 89' lang='lat' dir='ltr'><strong>misericordiam</strong></span> <span class='ocrx_word' id='word_1_39' title='bbox 1169 319 1391 358; x_wconf 89' lang='lat' dir='ltr'><strong>consuetu-</strong></span> 
     </span>
    </p>
   </div>
   <div class='ocr_carea' id='block_1_3' title="bbox 51 372 1391 416">
    <p class='ocr_par' dir='ltr' id='par_1_3' title="bbox 20 372 1391 435">
     <span class='ocr_line' id='line_1_6' title="bbox 51 372 1391 416; baseline 0.002 -2.932"><span class='ocrx_word' id='word_1_40' title='bbox 51 372 147 414; x_wconf 91' lang='lat' dir='ltr'><strong>dine</strong></span> <span class='ocrx_word' id='word_1_41' title='bbox 183 372 564 414; x_wconf 89' lang='lat' dir='ltr'><strong>incommodorum.</strong></span> <span class='ocrx_word' id='word_1_42' title='bbox 624 373 739 415; x_wconf 90' lang='lat' dir='ltr'><strong>Nam</strong></span> <span class='ocrx_word' id='word_1_43' title='bbox 777 389 873 416; x_wconf 88' lang='lat' dir='ltr'><strong>cum</strong></span> <span class='ocrx_word' id='word_1_44' title='bbox 914 374 1110 416; x_wconf 86' lang='lat' dir='ltr'><strong>omnibus</strong></span> <span class='ocrx_word' id='word_1_45' title='bbox 1153 374 1271 416; x_wconf 87' lang='lat' dir='ltr'><strong>horis</strong></span> <span class='ocrx_word' id='word_1_46' title='bbox 1317 375 1391 416; x_wconf 86' lang='lat' dir='ltr'><strong>ali-</strong></span> 
     </span>
    </p>
   </div>
   <div class='ocr_carea' id='block_1_4' title="bbox 20 430 1392 593">
    <p class='ocr_par' dir='ltr' id='par_1_4' title="bbox 20 430 1392 593">
     <span class='ocr_line' id='line_1_7' title="bbox 20 430 1392 488; baseline 0.002 -17"><span class='ocrx_word' id='word_1_47' title='bbox 20 447 21 487; x_wconf 34' lang='grc'>1</span> <span class='ocrx_word' id='word_1_48' title='bbox 50 430 152 485; x_wconf 90' lang='lat' dir='ltr'><strong>quid</strong></span> <span class='ocrx_word' id='word_1_49' title='bbox 189 431 393 472; x_wconf 88' lang='lat' dir='ltr'><strong>atrociter</strong></span> <span class='ocrx_word' id='word_1_50' title='bbox 429 431 522 472; x_wconf 88' lang='lat' dir='ltr'><strong>fieri</strong></span> <span class='ocrx_word' id='word_1_51' title='bbox 559 431 750 474; x_wconf 91' lang='lat' dir='ltr'><strong>videmus</strong></span> <span class='ocrx_word' id='word_1_52' title='bbox 789 435 863 474; x_wconf 90' lang='lat' dir='ltr'><strong>aut</strong></span> <span class='ocrx_word' id='word_1_53' title='bbox 900 433 1112 487; x_wconf 86' lang='lat' dir='ltr'><strong>audimus,</strong></span> <span class='ocrx_word' id='word_1_54' title='bbox 1149 433 1280 474; x_wconf 87' lang='lat' dir='ltr'><strong>etiam</strong></span> <span class='ocrx_word' id='word_1_55' title='bbox 1318 433 1392 488; x_wconf 89' lang='lat' dir='ltr'><strong>qui</strong></span> 
     </span>
     <span class='ocr_line' id='line_1_8' title="bbox 20 489 1390 544; baseline 0.003 -14"><span class='ocrx_word' id='word_1_56' title='bbox 20 499 21 541; x_wconf 51' lang='lat'><em>3</em></span> <span class='ocrx_word' id='word_1_57' title='bbox 47 491 204 531; x_wconf 87' lang='lat' dir='ltr'><strong>natura</strong></span> <span class='ocrx_word' id='word_1_58' title='bbox 235 489 455 531; x_wconf 73' lang='lat' dir='ltr'><strong>mitissimi</strong></span> <span class='ocrx_word' id='word_1_59' title='bbox 487 504 652 544; x_wconf 88' lang='lat' dir='ltr'><strong>sumus,</strong></span> <span class='ocrx_word' id='word_1_60' title='bbox 686 491 937 532; x_wconf 80' lang='lat' dir='ltr'><strong>assiduitate</strong></span> <span class='ocrx_word' id='word_1_61' title='bbox 970 490 1268 533; x_wconf 83' lang='lat' dir='ltr'><strong>molestiarum</strong></span> <span class='ocrx_word' id='word_1_62' title='bbox 1300 506 1390 534; x_wconf 91' lang='lat' dir='ltr'><strong>sen-</strong></span> 
     </span>
     <span class='ocr_line' id='line_1_9' title="bbox 49 548 1214 593; baseline 0.003 -4"><span class='ocrx_word' id='word_1_63' title='bbox 49 562 143 590; x_wconf 86' lang='lat' dir='ltr'><strong>sum</strong></span> <span class='ocrx_word' id='word_1_64' title='bbox 176 562 346 590; x_wconf 88' lang='lat' dir='ltr'><strong>omnem</strong></span> <span class='ocrx_word' id='word_1_65' title='bbox 376 548 659 590; x_wconf 88' lang='lat' dir='ltr'><strong>humanitatis</strong></span> <span class='ocrx_word' id='word_1_66' title='bbox 693 563 742 590; x_wconf 87' lang='lat' dir='ltr'><strong>ex</strong></span> <span class='ocrx_word' id='word_1_67' title='bbox 775 550 929 591; x_wconf 89' lang='lat' dir='ltr'><strong>animis</strong></span> <span class='ocrx_word' id='word_1_68' title='bbox 962 550 1214 593; x_wconf 86' lang='lat' dir='ltr'><strong>amittimus.</strong></span> 
     </span>
    </p>
   </div>
   <div class='ocr_carea' id='block_1_5' title="bbox 109 865 1323 1042">
    <p class='ocr_par' dir='ltr' id='par_1_5' title="bbox 109 865 1323 1042">
     <span class='ocr_line' id='line_1_10' title="bbox 388 865 1047 915; baseline 0.003 -2"><span class='ocrx_word' id='word_1_69' title='bbox 388 867 450 913; x_wconf 88' lang='lat' dir='ltr'><strong>M.</strong></span> <span class='ocrx_word' id='word_1_70' title='bbox 491 865 681 914; x_wconf 88' lang='lat' dir='ltr'>TULLI</span> <span class='ocrx_word' id='word_1_71' title='bbox 718 865 1047 915; x_wconf 82' lang='lat' dir='ltr'>CICERONIS</span> 
     </span>
     <span class='ocr_line' id='line_1_11' title="bbox 109 974 1323 1042; baseline 0.002 -13"><span class='ocrx_word' id='word_1_72' title='bbox 109 975 245 1030; x_wconf 86' lang='lat' dir='ltr'><strong>PRO</strong></span> <span class='ocrx_word' id='word_1_73' title='bbox 290 974 347 1042; x_wconf 88' lang='lat' dir='ltr'><strong>Q.</strong></span> <span class='ocrx_word' id='word_1_74' title='bbox 391 974 636 1031; x_wconf 82' lang='lat' dir='ltr'>ROSCIO</span> <span class='ocrx_word' id='word_1_75' title='bbox 682 975 1009 1031; x_wconf 85' lang='lat' dir='ltr'>COMOEDO</span> <span class='ocrx_word' id='word_1_76' title='bbox 1053 977 1323 1033; x_wconf 82' lang='lat' dir='ltr'>ORATIO.</span> 
     </span>
    </p>
   </div>
   <div class='ocr_carea' id='block_1_6' title="bbox 475 1134 956 1177">
    <p class='ocr_par' dir='ltr' id='par_1_6' title="bbox 475 1134 956 1177">
     <span class='ocr_line' id='line_1_12' title="bbox 475 1134 956 1177; baseline 0 -2"><span class='ocrx_word' id='word_1_77' title='bbox 475 1134 956 1177; x_wconf 85' lang='lat' dir='ltr'>ARGUMENTUM.</span> 
     </span>
    </p>
   </div>
   <div class='ocr_carea' id='block_1_7' title="bbox 16 1213 1391 2294">
    <p class='ocr_par' dir='ltr' id='par_1_7' title="bbox 16 1213 1391 2294">
     <span class='ocr_line' id='line_1_13' title="bbox 117 1213 1390 1260; baseline 0 -10"><span class='ocrx_word' id='word_1_78' title='bbox 117 1213 154 1250; x_wconf 91' lang='lat' dir='ltr'><strong>C.</strong></span> <span class='ocrx_word' id='word_1_79' title='bbox 180 1213 343 1248; x_wconf 87' lang='lat' dir='ltr'><strong>Fannius</strong></span> <span class='ocrx_word' id='word_1_80' title='bbox 369 1213 533 1249; x_wconf 80' lang='lat' dir='ltr'>Chaerea</span> <span class='ocrx_word' id='word_1_81' title='bbox 566 1214 606 1256; x_wconf 92' lang='lat' dir='ltr'><strong>Q.</strong></span> <span class='ocrx_word' id='word_1_82' title='bbox 632 1214 767 1250; x_wconf 87' lang='lat' dir='ltr'><strong>Roscio</strong></span> <span class='ocrx_word' id='word_1_83' title='bbox 802 1214 978 1250; x_wconf 87' lang='lat' dir='ltr'><strong>comoedo</strong></span> <span class='ocrx_word' id='word_1_84' title='bbox 1004 1214 1217 1260; x_wconf 83' lang='lat' dir='ltr'><strong>Panurgum</strong></span> <span class='ocrx_word' id='word_1_85' title='bbox 1243 1226 1390 1251; x_wconf 89' lang='lat' dir='ltr'><strong>servum</strong></span> 
     </span>
     <span class='ocr_line' id='line_1_14' title="bbox 19 1261 1389 1307; baseline 0 -10"><span class='ocrx_word' id='word_1_86' title='bbox 19 1299 20 1302; x_wconf 57' lang='grc'>,</span> <span class='ocrx_word' id='word_1_87' title='bbox 47 1273 153 1297; x_wconf 86' lang='lat' dir='ltr'><strong>suum</strong></span> <span class='ocrx_word' id='word_1_88' title='bbox 182 1261 390 1295; x_wconf 80' lang='lat' dir='ltr'><strong>tradiderat</strong></span> <span class='ocrx_word' id='word_1_89' title='bbox 419 1261 490 1296; x_wconf 88' lang='lat' dir='ltr'><strong>hac</strong></span> <span class='ocrx_word' id='word_1_90' title='bbox 520 1262 620 1307; x_wconf 82' lang='lat' dir='ltr'><strong>lege,</strong></span> <span class='ocrx_word' id='word_1_91' title='bbox 653 1264 709 1305; x_wconf 89' lang='lat' dir='ltr'><strong>ut,</strong></span> <span class='ocrx_word' id='word_1_92' title='bbox 749 1262 781 1297; x_wconf 87' lang='lat' dir='ltr'><strong>si</strong></span> <span class='ocrx_word' id='word_1_93' title='bbox 811 1262 917 1296; x_wconf 80' lang='lat' dir='ltr'><strong>illum</strong></span> <span class='ocrx_word' id='word_1_94' title='bbox 949 1262 1027 1296; x_wconf 87' lang='lat' dir='ltr'><strong>arte</strong></span> <span class='ocrx_word' id='word_1_95' title='bbox 1058 1262 1279 1297; x_wconf 85' lang='lat' dir='ltr'><strong>histrionica</strong></span> <span class='ocrx_word' id='word_1_96' title='bbox 1309 1273 1389 1298; x_wconf 91' lang='lat' dir='ltr'><strong>eru-</strong></span> 
     </span>
     <span class='ocr_line' id='line_1_15' title="bbox 18 1308 1389 1354; baseline 0.001 -11"><span class='ocrx_word' id='word_1_97' title='bbox 18 1316 21 1349; x_wconf 66' lang='grc'><strong>,·</strong></span> <span class='ocrx_word' id='word_1_98' title='bbox 45 1308 211 1352; x_wconf 87' lang='lat' dir='ltr'><strong>divisset,</strong></span> <span class='ocrx_word' id='word_1_99' title='bbox 237 1309 411 1352; x_wconf 82' lang='lat' dir='ltr'><strong>quaestus</strong></span> <span class='ocrx_word' id='word_1_100' title='bbox 439 1309 643 1343; x_wconf 80' lang='lat' dir='ltr'><strong>communis</strong></span> <span class='ocrx_word' id='word_1_101' title='bbox 670 1311 776 1344; x_wconf 89' lang='lat' dir='ltr'><strong>esset.</strong></span> <span class='ocrx_word' id='word_1_102' title='bbox 826 1308 1028 1352; x_wconf 82' lang='lat' dir='ltr'><strong>Aliquanto</strong></span> <span class='ocrx_word' id='word_1_103' title='bbox 1060 1311 1146 1354; x_wconf 85' lang='lat' dir='ltr'><strong>post</strong></span> <span class='ocrx_word' id='word_1_104' title='bbox 1172 1309 1210 1352; x_wconf 91' lang='lat' dir='ltr'><strong>Q.</strong></span> <span class='ocrx_word' id='word_1_105' title='bbox 1237 1309 1389 1345; x_wconf 85' lang='lat' dir='ltr'><strong>Flavius</strong></span> 
     </span>
     <span class='ocr_line' id='line_1_16' title="bbox 18 1354 1389 1399; baseline 0.001 -9"><span class='ocrx_word' id='word_1_106' title='bbox 18 1354 324 1399; x_wconf 80' lang='lat' dir='ltr'><strong>Tarquiniensis</strong></span> <span class='ocrx_word' id='word_1_107' title='bbox 364 1354 515 1399; x_wconf 88' lang='lat' dir='ltr'><strong>quidam</strong></span> <span class='ocrx_word' id='word_1_108' title='bbox 558 1367 704 1391; x_wconf 85' lang='lat' dir='ltr'><strong>servum</strong></span> <span class='ocrx_word' id='word_1_109' title='bbox 742 1366 974 1391; x_wconf 88' lang='lat' dir='ltr'><strong>communem</strong></span> <span class='ocrx_word' id='word_1_110' title='bbox 1009 1356 1084 1391; x_wconf 82' lang='lat' dir='ltr'><strong>iam</strong></span> <span class='ocrx_word' id='word_1_111' title='bbox 1123 1355 1308 1391; x_wconf 89' lang='lat' dir='ltr'><strong>eruditum</strong></span> <span class='ocrx_word' id='word_1_112' title='bbox 1346 1368 1389 1392; x_wconf 86' lang='lat' dir='ltr'><strong>ac</strong></span> 
     </span>
     <span class='ocr_line' id='line_1_17' title="bbox 44 1401 1390 1448; baseline 0.001 -11"><span class='ocrx_word' id='word_1_113' title='bbox 44 1402 251 1448; x_wconf 84' lang='lat' dir='ltr'><strong>perfectum</strong></span> <span class='ocrx_word' id='word_1_114' title='bbox 288 1401 434 1437; x_wconf 88' lang='lat' dir='ltr'><strong>occidit.</strong></span> <span class='ocrx_word' id='word_1_115' title='bbox 493 1402 532 1444; x_wconf 90' lang='lat' dir='ltr'><strong>Q.</strong></span> <span class='ocrx_word' id='word_1_116' title='bbox 570 1403 742 1438; x_wconf 83' lang='lat' dir='ltr'><strong>Flavium</strong></span> <span class='ocrx_word' id='word_1_117' title='bbox 773 1403 813 1444; x_wconf 88' lang='lat' dir='ltr'><strong>Q.</strong></span> <span class='ocrx_word' id='word_1_118' title='bbox 848 1401 1004 1437; x_wconf 83' lang='lat' dir='ltr'><strong>Roscius</strong></span> <span class='ocrx_word' id='word_1_119' title='bbox 1040 1403 1179 1438; x_wconf 87' lang='lat' dir='ltr'><strong>iudicio</strong></span> <span class='ocrx_word' id='word_1_120' title='bbox 1216 1403 1390 1448; x_wconf 85' lang='lat' dir='ltr'><strong>persequi</strong></span> 
     </span>
     <span class='ocr_line' id='line_1_18' title="bbox 18 1448 1389 1494; baseline 0.001 -10"><span class='ocrx_word' id='word_1_121' title='bbox 18 1465 19 1478; x_wconf 58' lang='grc'><strong>1</strong></span> <span class='ocrx_word' id='word_1_122' title='bbox 45 1461 129 1484; x_wconf 92' lang='lat' dir='ltr'><strong>cum</strong></span> <span class='ocrx_word' id='word_1_123' title='bbox 159 1450 287 1493; x_wconf 85' lang='lat' dir='ltr'><strong>vellet,</strong></span> <span class='ocrx_word' id='word_1_124' title='bbox 321 1448 551 1494; x_wconf 86' lang='lat' dir='ltr'><strong>cognitorem</strong></span> <span class='ocrx_word' id='word_1_125' title='bbox 582 1449 622 1484; x_wconf 87' lang='lat' dir='ltr'><strong>in</strong></span> <span class='ocrx_word' id='word_1_126' title='bbox 653 1461 735 1485; x_wconf 87' lang='lat' dir='ltr'><strong>eam</strong></span> <span class='ocrx_word' id='word_1_127' title='bbox 765 1461 844 1485; x_wconf 85' lang='lat' dir='ltr'><strong>rem</strong></span> <span class='ocrx_word' id='word_1_128' title='bbox 870 1449 906 1484; x_wconf 91' lang='lat' dir='ltr'><strong>C.</strong></span> <span class='ocrx_word' id='word_1_129' title='bbox 934 1448 1117 1485; x_wconf 86' lang='lat' dir='ltr'><strong>Fannium</strong></span> <span class='ocrx_word' id='word_1_130' title='bbox 1142 1450 1255 1485; x_wconf 80' lang='lat' dir='ltr'><strong>dedit.</strong></span> <span class='ocrx_word' id='word_1_131' title='bbox 1306 1450 1389 1485; x_wconf 88' lang='lat' dir='ltr'><strong>Lite</strong></span> 
     </span>
     <span class='ocr_line' id='line_1_19' title="bbox 18 1495 1389 1540; baseline 0.001 -9"><span class='ocrx_word' id='word_1_132' title='bbox 18 1498 271 1540; x_wconf 85' lang='lat' dir='ltr'><strong>contestata,</strong></span> <span class='ocrx_word' id='word_1_133' title='bbox 314 1495 453 1530; x_wconf 88' lang='lat' dir='ltr'><strong>iudicio</strong></span> <span class='ocrx_word' id='word_1_134' title='bbox 492 1496 618 1531; x_wconf 86' lang='lat' dir='ltr'><strong>damni</strong></span> <span class='ocrx_word' id='word_1_135' title='bbox 654 1496 791 1531; x_wconf 87' lang='lat' dir='ltr'><strong>iniuria</strong></span> <span class='ocrx_word' id='word_1_136' title='bbox 827 1508 850 1532; x_wconf 87' lang='lat' dir='ltr'><strong>a</strong></span> <span class='ocrx_word' id='word_1_137' title='bbox 887 1496 1018 1532; x_wconf 86' lang='lat' dir='ltr'><strong>Flavio</strong></span> <span class='ocrx_word' id='word_1_138' title='bbox 1062 1497 1142 1532; x_wconf 88' lang='lat' dir='ltr'><strong>dati</strong></span> <span class='ocrx_word' id='word_1_139' title='bbox 1184 1497 1389 1533; x_wconf 86' lang='lat' dir='ltr'><strong>constituto</strong></span> 
     </span>
     <span class='ocr_line' id='line_1_20' title="bbox 18 1542 1391 1590; baseline 0.001 -12"><span class='ocrx_word' id='word_1_140' title='bbox 18 1548 19 1551; x_wconf 77' lang='grc'>’</span> <span class='ocrx_word' id='word_1_141' title='bbox 44 1542 185 1578; x_wconf 84' lang='lat' dir='ltr'><strong>decidit</strong></span> <span class='ocrx_word' id='word_1_142' title='bbox 208 1555 292 1579; x_wconf 90' lang='lat' dir='ltr'><strong>cum</strong></span> <span class='ocrx_word' id='word_1_143' title='bbox 316 1543 446 1578; x_wconf 85' lang='lat' dir='ltr'><strong>Flavio</strong></span> <span class='ocrx_word' id='word_1_144' title='bbox 472 1543 645 1588; x_wconf 80' lang='lat' dir='ltr'><strong>Roscius,</strong></span> <span class='ocrx_word' id='word_1_145' title='bbox 671 1545 713 1578; x_wconf 92' lang='lat' dir='ltr'><strong>ut</strong></span> <span class='ocrx_word' id='word_1_146' title='bbox 737 1543 817 1589; x_wconf 88' lang='lat' dir='ltr'><strong>ipse</strong></span> <span class='ocrx_word' id='word_1_147' title='bbox 842 1543 986 1589; x_wconf 82' lang='lat' dir='ltr'><strong>aiebat,</strong></span> <span class='ocrx_word' id='word_1_148' title='bbox 1010 1555 1078 1590; x_wconf 88' lang='lat' dir='ltr'><strong>pro</strong></span> <span class='ocrx_word' id='word_1_149' title='bbox 1104 1555 1171 1580; x_wconf 90' lang='lat' dir='ltr'><strong>sua</strong></span> <span class='ocrx_word' id='word_1_150' title='bbox 1194 1546 1316 1590; x_wconf 86' lang='lat' dir='ltr'><strong>parte,</strong></span> <span class='ocrx_word' id='word_1_151' title='bbox 1348 1547 1391 1580; x_wconf 93' lang='lat' dir='ltr'><strong>ut</strong></span> 
     </span>
     <span class='ocr_line' id='line_1_21' title="bbox 18 1588 1387 1637; baseline 0.001 -12"><span class='ocrx_word' id='word_1_152' title='bbox 18 1588 19 1626; x_wconf 58' lang='lat' dir='ltr'><strong>l</strong></span> <span class='ocrx_word' id='word_1_153' title='bbox 44 1589 222 1634; x_wconf 83' lang='lat' dir='ltr'><strong>Fannius,</strong></span> <span class='ocrx_word' id='word_1_154' title='bbox 253 1601 320 1635; x_wconf 84' lang='lat' dir='ltr'><strong>pro</strong></span> <span class='ocrx_word' id='word_1_155' title='bbox 353 1591 435 1624; x_wconf 86' lang='lat' dir='ltr'><strong>tota</strong></span> <span class='ocrx_word' id='word_1_156' title='bbox 466 1590 660 1634; x_wconf 83' lang='lat' dir='ltr'><strong>societate3</strong></span> <span class='ocrx_word' id='word_1_157' title='bbox 693 1591 848 1625; x_wconf 88' lang='lat' dir='ltr'><strong>fundum</strong></span> <span class='ocrx_word' id='word_1_158' title='bbox 880 1591 1040 1637; x_wconf 81' lang='lat' dir='ltr'><strong>accepit,</strong></span> <span class='ocrx_word' id='word_1_159' title='bbox 1076 1602 1149 1626; x_wconf 89' lang='lat' dir='ltr'><strong>non</strong></span> <span class='ocrx_word' id='word_1_160' title='bbox 1179 1591 1387 1637; x_wconf 78' lang='lat' dir='ltr'><strong>pecuniam.</strong></span> 
     </span>
     <span class='ocr_line' id='line_1_22' title="bbox 44 1637 1388 1683; baseline 0.001 -11"><span class='ocrx_word' id='word_1_161' title='bbox 44 1637 199 1682; x_wconf 90' lang='lat' dir='ltr'><strong>Aliquot</strong></span> <span class='ocrx_word' id='word_1_162' title='bbox 216 1637 322 1672; x_wconf 87' lang='lat' dir='ltr'><strong>annis</strong></span> <span class='ocrx_word' id='word_1_163' title='bbox 341 1638 429 1682; x_wconf 84' lang='lat' dir='ltr'><strong>post</strong></span> <span class='ocrx_word' id='word_1_164' title='bbox 447 1637 610 1672; x_wconf 83' lang='lat' dir='ltr'><strong>Fannius</strong></span> <span class='ocrx_word' id='word_1_165' title='bbox 629 1637 805 1672; x_wconf 81' lang='lat' dir='ltr'><strong>Roscium</strong></span> <span class='ocrx_word' id='word_1_166' title='bbox 824 1637 952 1682; x_wconf 82' lang='lat' dir='ltr'><strong>adegit</strong></span> <span class='ocrx_word' id='word_1_167' title='bbox 971 1638 1162 1682; x_wconf 86' lang='lat' dir='ltr'><strong>arbitrum,</strong></span> <span class='ocrx_word' id='word_1_168' title='bbox 1183 1638 1257 1683; x_wconf 89' lang='lat' dir='ltr'><strong>qui,</strong></span> <span class='ocrx_word' id='word_1_169' title='bbox 1275 1650 1388 1683; x_wconf 89' lang='lat' dir='ltr'><strong>quan-</strong></span> 
     </span>
     <span class='ocr_line' id='line_1_23' title="bbox 43 1683 1387 1730; baseline 0.001 -11"><span class='ocrx_word' id='word_1_170' title='bbox 43 1685 125 1719; x_wconf 91' lang='lat' dir='ltr'><strong>tum</strong></span> <span class='ocrx_word' id='word_1_171' title='bbox 161 1685 313 1729; x_wconf 88' lang='lat' dir='ltr'><strong>aequius</strong></span> <span class='ocrx_word' id='word_1_172' title='bbox 350 1683 499 1728; x_wconf 88' lang='lat' dir='ltr'><strong>melius,</strong></span> <span class='ocrx_word' id='word_1_173' title='bbox 537 1685 713 1720; x_wconf 89' lang='lat' dir='ltr'><strong>Roscium</strong></span> <span class='ocrx_word' id='word_1_174' title='bbox 748 1685 904 1730; x_wconf 80' lang='lat' dir='ltr'><strong>petitori</strong></span> <span class='ocrx_word' id='word_1_175' title='bbox 939 1686 1081 1721; x_wconf 88' lang='lat' dir='ltr'><strong>Fannio</strong></span> <span class='ocrx_word' id='word_1_176' title='bbox 1114 1686 1201 1720; x_wconf 87' lang='lat' dir='ltr'><strong>dare</strong></span> <span class='ocrx_word' id='word_1_177' title='bbox 1232 1685 1387 1721; x_wconf 87' lang='lat' dir='ltr'><strong>iuberet.</strong></span> 
     </span>
     <span class='ocr_line' id='line_1_24' title="bbox 17 1707 1388 1778; baseline 0 -12"><span class='ocrx_word' id='word_1_178' title='bbox 17 1707 19 1765; x_wconf 58' lang='lat' dir='ltr'><strong>l</strong></span> <span class='ocrx_word' id='word_1_179' title='bbox 44 1731 195 1767; x_wconf 84' lang='lat' dir='ltr'><strong>Arbiter</strong></span> <span class='ocrx_word' id='word_1_180' title='bbox 225 1731 298 1766; x_wconf 87' lang='lat' dir='ltr'><strong>fuit</strong></span> <span class='ocrx_word' id='word_1_181' title='bbox 328 1731 444 1775; x_wconf 83' lang='lat' dir='ltr'><strong>idem,</strong></span> <span class='ocrx_word' id='word_1_182' title='bbox 477 1731 540 1775; x_wconf 90' lang='lat' dir='ltr'><strong>qui</strong></span> <span class='ocrx_word' id='word_1_183' title='bbox 571 1731 611 1766; x_wconf 90' lang='lat' dir='ltr'><strong>in</strong></span> <span class='ocrx_word' id='word_1_184' title='bbox 640 1733 710 1766; x_wconf 89' lang='lat' dir='ltr'><strong>hac</strong></span> <span class='ocrx_word' id='word_1_185' title='bbox 737 1743 848 1767; x_wconf 87' lang='lat' dir='ltr'><strong>causa</strong></span> <span class='ocrx_word' id='word_1_186' title='bbox 872 1732 983 1768; x_wconf 78' lang='lat' dir='ltr'><strong>iudex</strong></span> <span class='ocrx_word' id='word_1_187' title='bbox 1008 1734 1075 1775; x_wconf 87' lang='lat' dir='ltr'><strong>est,</strong></span> <span class='ocrx_word' id='word_1_188' title='bbox 1103 1731 1140 1768; x_wconf 88' lang='lat' dir='ltr'><strong>C.</strong></span> <span class='ocrx_word' id='word_1_189' title='bbox 1169 1732 1388 1778; x_wconf 81' lang='lat' dir='ltr'><strong>Calpurnius</strong></span> 
     </span>
     <span class='ocr_line' id='line_1_25' title="bbox 17 1775 1390 1827; baseline 0.001 -13"><span class='ocrx_word' id='word_1_190' title='bbox 17 1775 20 1827; x_wconf 65' lang='grc' dir='ltr'>ξ</span> <span class='ocrx_word' id='word_1_191' title='bbox 43 1778 141 1814; x_wconf 90' lang='lat' dir='ltr'><strong>Piso.</strong></span> <span class='ocrx_word' id='word_1_192' title='bbox 191 1779 226 1814; x_wconf 89' lang='lat' dir='ltr'><strong>Is</strong></span> <span class='ocrx_word' id='word_1_193' title='bbox 253 1779 298 1814; x_wconf 88' lang='lat' dir='ltr'><strong>de</strong></span> <span class='ocrx_word' id='word_1_194' title='bbox 322 1790 362 1813; x_wconf 86' lang='lat' dir='ltr'><strong>re</strong></span> <span class='ocrx_word' id='word_1_195' title='bbox 389 1778 611 1813; x_wconf 85' lang='lat' dir='ltr'><strong>sententiam</strong></span> <span class='ocrx_word' id='word_1_196' title='bbox 636 1790 712 1813; x_wconf 88' lang='lat' dir='ltr'><strong>non</strong></span> <span class='ocrx_word' id='word_1_197' title='bbox 735 1779 838 1823; x_wconf 90' lang='lat' dir='ltr'><strong>tulit,</strong></span> <span class='ocrx_word' id='word_1_198' title='bbox 865 1780 930 1814; x_wconf 83' lang='lat' dir='ltr'><strong>sed</strong></span> <span class='ocrx_word' id='word_1_199' title='bbox 955 1779 1132 1815; x_wconf 89' lang='lat' dir='ltr'><strong>Roscium</strong></span> <span class='ocrx_word' id='word_1_200' title='bbox 1155 1779 1323 1825; x_wconf 66' lang='lat' dir='ltr'><strong>rogavit,</strong></span> <span class='ocrx_word' id='word_1_201' title='bbox 1348 1782 1390 1815; x_wconf 91' lang='lat' dir='ltr'><strong>ut</strong></span> 
     </span>
     <span class='ocr_line' id='line_1_26' title="bbox 17 1825 1390 1871; baseline 0 -10"><span class='ocrx_word' id='word_1_202' title='bbox 17 1825 185 1861; x_wconf 82' lang='lat' dir='ltr'><strong>Fannio</strong></span> <span class='ocrx_word' id='word_1_203' title='bbox 221 1836 289 1871; x_wconf 87' lang='lat' dir='ltr'><strong>pro</strong></span> <span class='ocrx_word' id='word_1_204' title='bbox 326 1826 470 1869; x_wconf 88' lang='lat' dir='ltr'><strong>labore,</strong></span> <span class='ocrx_word' id='word_1_205' title='bbox 515 1827 613 1870; x_wconf 89' lang='lat' dir='ltr'><strong>quod</strong></span> <span class='ocrx_word' id='word_1_206' title='bbox 651 1826 821 1871; x_wconf 85' lang='lat' dir='ltr'><strong>cognitor</strong></span> <span class='ocrx_word' id='word_1_207' title='bbox 856 1826 1004 1870; x_wconf 81' lang='lat' dir='ltr'><strong>fuisset,</strong></span> <span class='ocrx_word' id='word_1_208' title='bbox 1043 1827 1142 1870; x_wconf 91' lang='lat' dir='ltr'><strong>quod</strong></span> <span class='ocrx_word' id='word_1_209' title='bbox 1174 1825 1390 1862; x_wconf 86' lang='lat' dir='ltr'><strong>vadimonia</strong></span> 
     </span>
     <span class='ocr_line' id='line_1_27' title="bbox 16 1872 1388 1918; baseline -0.001 -8"><span class='ocrx_word' id='word_1_210' title='bbox 16 1879 19 1911; x_wconf 76' lang='grc' dir='ltr'>ἰ</span> <span class='ocrx_word' id='word_1_211' title='bbox 45 1872 194 1916; x_wconf 88' lang='lat' dir='ltr'><strong>obisset,</strong></span> <span class='ocrx_word' id='word_1_212' title='bbox 221 1873 282 1908; x_wconf 80' lang='lat' dir='ltr'><strong>Hs</strong></span> <span class='ocrx_word' id='word_1_213' title='bbox 311 1872 443 1909; x_wconf 81' lang='lat' dir='ltr'>CCIOO</span> <span class='ocrx_word' id='word_1_214' title='bbox 471 1873 586 1917; x_wconf 82' lang='lat' dir='ltr'><strong>daret,</strong></span> <span class='ocrx_word' id='word_1_215' title='bbox 611 1872 666 1908; x_wconf 86' lang='lat' dir='ltr'><strong>ita</strong></span> <span class='ocrx_word' id='word_1_216' title='bbox 690 1875 826 1917; x_wconf 88' lang='lat' dir='ltr'><strong>tamen,</strong></span> <span class='ocrx_word' id='word_1_217' title='bbox 853 1875 896 1907; x_wconf 89' lang='lat' dir='ltr'><strong>ut</strong></span> <span class='ocrx_word' id='word_1_218' title='bbox 914 1874 1076 1908; x_wconf 85' lang='lat' dir='ltr'><strong>Fannius</strong></span> <span class='ocrx_word' id='word_1_219' title='bbox 1095 1873 1388 1918; x_wconf 84' lang='lat' dir='ltr'><strong>restipularetur,</strong></span> 
     </span>
     <span class='ocr_line' id='line_1_28' title="bbox 45 1920 1388 1965; baseline 0 -10"><span class='ocrx_word' id='word_1_220' title='bbox 45 1920 77 1956; x_wconf 87' lang='lat' dir='ltr'><strong>si</strong></span> <span class='ocrx_word' id='word_1_221' title='bbox 101 1920 189 1964; x_wconf 89' lang='lat' dir='ltr'><strong>quid</strong></span> <span class='ocrx_word' id='word_1_222' title='bbox 223 1920 410 1965; x_wconf 82' lang='lat' dir='ltr'><strong>exegisset</strong></span> <span class='ocrx_word' id='word_1_223' title='bbox 441 1932 463 1955; x_wconf 90' lang='lat' dir='ltr'><strong>a</strong></span> <span class='ocrx_word' id='word_1_224' title='bbox 492 1920 640 1963; x_wconf 86' lang='lat' dir='ltr'><strong>Flavio,</strong></span> <span class='ocrx_word' id='word_1_225' title='bbox 671 1922 816 1964; x_wconf 84' lang='lat' dir='ltr'><strong>partem</strong></span> <span class='ocrx_word' id='word_1_226' title='bbox 847 1920 925 1955; x_wconf 84' lang='lat' dir='ltr'><strong>eius</strong></span> <span class='ocrx_word' id='word_1_227' title='bbox 957 1921 1151 1955; x_wconf 87' lang='lat' dir='ltr'><strong>dimidiam</strong></span> <span class='ocrx_word' id='word_1_228' title='bbox 1181 1931 1220 1955; x_wconf 88' lang='lat' dir='ltr'><strong>se</strong></span> <span class='ocrx_word' id='word_1_229' title='bbox 1251 1920 1388 1956; x_wconf 85' lang='lat' dir='ltr'><strong>Roscio</strong></span> 
     </span>
     <span class='ocr_line' id='line_1_29' title="bbox 45 1965 1389 2013; baseline 0 -11"><span class='ocrx_word' id='word_1_230' title='bbox 45 1967 226 2003; x_wconf 85' lang='lat' dir='ltr'><strong>daturum.</strong></span> <span class='ocrx_word' id='word_1_231' title='bbox 278 1967 486 2013; x_wconf 85' lang='lat' dir='ltr'><strong>Spopondit</strong></span> <span class='ocrx_word' id='word_1_232' title='bbox 507 1965 571 2002; x_wconf 76' lang='lat' dir='ltr'><strong>vita</strong></span> <span class='ocrx_word' id='word_1_233' title='bbox 596 1978 634 2002; x_wconf 90' lang='lat' dir='ltr'><strong>se</strong></span> <span class='ocrx_word' id='word_1_234' title='bbox 659 1968 844 2001; x_wconf 81' lang='lat' dir='ltr'><strong>facturum</strong></span> <span class='ocrx_word' id='word_1_235' title='bbox 868 1967 1041 2002; x_wconf 86' lang='lat' dir='ltr'><strong>Fannius.</strong></span> <span class='ocrx_word' id='word_1_236' title='bbox 1092 1967 1234 2002; x_wconf 87' lang='lat' dir='ltr'><strong>Deinde</strong></span> <span class='ocrx_word' id='word_1_237' title='bbox 1259 1967 1389 2003; x_wconf 86' lang='lat' dir='ltr'><strong>Flavio</strong></span> 
     </span>
     <span class='ocr_line' id='line_1_30' title="bbox 43 2013 1387 2050; baseline -0.001 -1"><span class='ocrx_word' id='word_1_238' title='bbox 43 2013 149 2050; x_wconf 90' lang='lat' dir='ltr'><strong>litem</strong></span> <span class='ocrx_word' id='word_1_239' title='bbox 175 2014 347 2050; x_wconf 76' lang='lat' dir='ltr'><strong>intendit.</strong></span> <span class='ocrx_word' id='word_1_240' title='bbox 398 2015 511 2050; x_wconf 85' lang='lat' dir='ltr'><strong>Iudex</strong></span> <span class='ocrx_word' id='word_1_241' title='bbox 535 2014 607 2049; x_wconf 85' lang='lat' dir='ltr'><strong>fuit</strong></span> <span class='ocrx_word' id='word_1_242' title='bbox 633 2013 669 2048; x_wconf 93' lang='lat' dir='ltr'><strong>C.</strong></span> <span class='ocrx_word' id='word_1_243' title='bbox 698 2014 858 2049; x_wconf 86' lang='lat' dir='ltr'><strong>Cluvius.</strong></span> <span class='ocrx_word' id='word_1_244' title='bbox 909 2014 964 2050; x_wconf 92' lang='lat' dir='ltr'><strong>De</strong></span> <span class='ocrx_word' id='word_1_245' title='bbox 990 2014 1069 2049; x_wconf 91' lang='lat' dir='ltr'><strong>eius</strong></span> <span class='ocrx_word' id='word_1_246' title='bbox 1095 2014 1280 2049; x_wconf 88' lang='lat' dir='ltr'><strong>sententia</strong></span> <span class='ocrx_word' id='word_1_247' title='bbox 1303 2014 1387 2049; x_wconf 88' lang='lat' dir='ltr'><strong>Fla-</strong></span> 
     </span>
     <span class='ocr_line' id='line_1_31' title="bbox 44 2060 1387 2106; baseline 0 -10"><span class='ocrx_word' id='word_1_248' title='bbox 44 2061 146 2097; x_wconf 85' lang='lat' dir='ltr'><strong>vium</strong></span> <span class='ocrx_word' id='word_1_249' title='bbox 194 2061 255 2096; x_wconf 88' lang='lat' dir='ltr'><strong>HS</strong></span> <span class='ocrx_word' id='word_1_250' title='bbox 307 2061 502 2098; x_wconf 80' lang='lat' dir='ltr'>CCCIOOO</span> <span class='ocrx_word' id='word_1_251' title='bbox 552 2061 716 2106; x_wconf 84' lang='lat' dir='ltr'><strong>Panurgi</strong></span> <span class='ocrx_word' id='word_1_252' title='bbox 768 2060 918 2096; x_wconf 90' lang='lat' dir='ltr'><strong>nomine</strong></span> <span class='ocrx_word' id='word_1_253' title='bbox 974 2061 1116 2096; x_wconf 88' lang='lat' dir='ltr'><strong>Fannio</strong></span> <span class='ocrx_word' id='word_1_254' title='bbox 1172 2060 1387 2097; x_wconf 83' lang='lat' dir='ltr'><strong>dissolvisse</strong></span> 
     </span>
     <span class='ocr_line' id='line_1_32' title="bbox 45 2107 1388 2154; baseline -0.001 -11"><span class='ocrx_word' id='word_1_255' title='bbox 45 2107 85 2150; x_wconf 88' lang='lat' dir='ltr'><strong>Q.</strong></span> <span class='ocrx_word' id='word_1_256' title='bbox 116 2108 272 2144; x_wconf 85' lang='lat' dir='ltr'><strong>Roscius</strong></span> <span class='ocrx_word' id='word_1_257' title='bbox 311 2109 511 2144; x_wconf 84' lang='lat' dir='ltr'><strong>contendit.</strong></span> <span class='ocrx_word' id='word_1_258' title='bbox 570 2107 682 2143; x_wconf 75' lang='lat' dir='ltr'><strong>Cuius</strong></span> <span class='ocrx_word' id='word_1_259' title='bbox 715 2107 895 2153; x_wconf 86' lang='lat' dir='ltr'><strong>pecuniae</strong></span> <span class='ocrx_word' id='word_1_260' title='bbox 924 2119 1011 2154; x_wconf 86' lang='lat' dir='ltr'><strong>pars</strong></span> <span class='ocrx_word' id='word_1_261' title='bbox 1043 2107 1199 2143; x_wconf 88' lang='lat' dir='ltr'><strong>dimidia</strong></span> <span class='ocrx_word' id='word_1_262' title='bbox 1230 2119 1313 2143; x_wconf 89' lang='lat' dir='ltr'><strong>cum</strong></span> <span class='ocrx_word' id='word_1_263' title='bbox 1344 2119 1388 2143; x_wconf 78' lang='lat' dir='ltr'><strong>ex</strong></span> 
     </span>
     <span class='ocr_line' id='line_1_33' title="bbox 43 2154 1388 2201; baseline 0.001 -12"><span class='ocrx_word' id='word_1_264' title='bbox 43 2155 324 2201; x_wconf 86' lang='lat' dir='ltr'><strong>restipulatione</strong></span> <span class='ocrx_word' id='word_1_265' title='bbox 361 2156 497 2191; x_wconf 87' lang='lat' dir='ltr'><strong>Roscio</strong></span> <span class='ocrx_word' id='word_1_266' title='bbox 534 2155 746 2199; x_wconf 82' lang='lat' dir='ltr'><strong>deberetur,</strong></span> <span class='ocrx_word' id='word_1_267' title='bbox 780 2157 906 2190; x_wconf 88' lang='lat' dir='ltr'><strong>tamen</strong></span> <span class='ocrx_word' id='word_1_268' title='bbox 942 2156 1089 2190; x_wconf 87' lang='lat' dir='ltr'><strong>tantum</strong></span> <span class='ocrx_word' id='word_1_269' title='bbox 1127 2154 1237 2198; x_wconf 90' lang='lat' dir='ltr'><strong>afuit,</strong></span> <span class='ocrx_word' id='word_1_270' title='bbox 1274 2157 1317 2190; x_wconf 91' lang='lat' dir='ltr'><strong>ut</strong></span> <span class='ocrx_word' id='word_1_271' title='bbox 1353 2155 1388 2190; x_wconf 91' lang='lat' dir='ltr'><strong>ei</strong></span> 
     </span>
     <span class='ocr_line' id='line_1_34' title="bbox 44 2201 1386 2246; baseline -0.001 -9"><span class='ocrx_word' id='word_1_272' title='bbox 44 2201 240 2246; x_wconf 85' lang='lat' dir='ltr'><strong>quicquam</strong></span> <span class='ocrx_word' id='word_1_273' title='bbox 264 2202 428 2237; x_wconf 85' lang='lat' dir='ltr'><strong>Fannius</strong></span> <span class='ocrx_word' id='word_1_274' title='bbox 449 2203 565 2246; x_wconf 86' lang='lat' dir='ltr'><strong>daret,</strong></span> <span class='ocrx_word' id='word_1_275' title='bbox 591 2204 634 2237; x_wconf 88' lang='lat' dir='ltr'><strong>ut</strong></span> <span class='ocrx_word' id='word_1_276' title='bbox 653 2214 736 2237; x_wconf 89' lang='lat' dir='ltr'><strong>eum</strong></span> <span class='ocrx_word' id='word_1_277' title='bbox 755 2202 794 2236; x_wconf 85' lang='lat' dir='ltr'><strong>in</strong></span> <span class='ocrx_word' id='word_1_278' title='bbox 819 2202 998 2236; x_wconf 90' lang='lat' dir='ltr'><strong>iudicium</strong></span> <span class='ocrx_word' id='word_1_279' title='bbox 1022 2204 1173 2237; x_wconf 80' lang='lat' dir='ltr'><strong>vocaret</strong></span> <span class='ocrx_word' id='word_1_280' title='bbox 1196 2203 1386 2246; x_wconf 86' lang='lat' dir='ltr'><strong>tamquam</strong></span> 
     </span>
     <span class='ocr_line' id='line_1_35' title="bbox 44 2247 1386 2294; baseline 0.001 -11"><span class='ocrx_word' id='word_1_281' title='bbox 44 2257 112 2283; x_wconf 77' lang='lat' dir='ltr'><strong>aua</strong></span> <span class='ocrx_word' id='word_1_282' title='bbox 133 2251 240 2294; x_wconf 86' lang='lat' dir='ltr'><strong>parte</strong></span> <span class='ocrx_word' id='word_1_283' title='bbox 264 2249 304 2284; x_wconf 90' lang='lat' dir='ltr'><strong>in</strong></span> <span class='ocrx_word' id='word_1_284' title='bbox 328 2251 453 2285; x_wconf 87' lang='lat' dir='ltr'><strong>vetere</strong></span> <span class='ocrx_word' id='word_1_285' title='bbox 478 2250 545 2285; x_wconf 84' lang='lat' dir='ltr'><strong>illa</strong></span> <span class='ocrx_word' id='word_1_286' title='bbox 569 2248 754 2284; x_wconf 82' lang='lat' dir='ltr'><strong>decisione</strong></span> <span class='ocrx_word' id='word_1_287' title='bbox 778 2249 980 2284; x_wconf 84' lang='lat' dir='ltr'><strong>fraudatus.</strong></span> <span class='ocrx_word' id='word_1_288' title='bbox 1030 2248 1264 2284; x_wconf 87' lang='lat' dir='ltr'><strong>Aestimabat</strong></span> <span class='ocrx_word' id='word_1_289' title='bbox 1287 2247 1386 2284; x_wconf 86' lang='lat' dir='ltr'><strong>enim</strong></span> 
     </span>
    </p>
   </div>
   <div class='ocr_carea' id='block_1_8' title="bbox 115 2311 1102 2342">
    <p class='ocr_par' dir='ltr' id='par_1_8' title="bbox 115 2311 1102 2342">
     <span class='ocr_line' id='line_1_36' title="bbox 115 2311 1102 2342; baseline 0.003 -3"><span class='ocrx_word' id='word_1_290' title='bbox 115 2312 184 2340; x_wconf 77' lang='lat'><strong>010.</strong></span> <span class='ocrx_word' id='word_1_291' title='bbox 204 2314 245 2341; x_wconf 84' lang='grc' dir='ltr'><strong>Π.</strong></span> <span class='ocrx_word' id='word_1_292' title='bbox 267 2316 291 2340; x_wconf 91' lang='grc'><strong>1.</strong></span> <span class='ocrx_word' id='word_1_293' title='bbox 1081 2311 1102 2342; x_wconf 86' lang='grc'><strong>6</strong></span> 
     </span>
    </p>
   </div>
   <div class='ocr_carea' id='block_1_9' title="bbox 0 2353 1407 2584">
    <p class='ocr_par' dir='ltr' id='par_1_9' title="bbox 0 2353 1407 2584">
     <span class='ocr_line' id='line_1_37' title="bbox 0 2353 1407 2584; baseline 0 0"><span class='ocrx_word' id='word_1_294' title='bbox 0 2353 1407 2584; x_wconf 95' lang='lat' dir='ltr'><strong> </strong></span> 
     </span>
    </p>
   </div>
  </div>
 </body>
</html>
