1618 2584
450 248 536 282 LIB.
560 248 590 282 V
636 247 735 282 CAP.
763 251 900 282 22—25
926 251 944 288 ξ
971 251 1120 282 57-62,
1365 247 1448 288 451

115 344 295 400 rogandi
335 346 537 385 conatum
575 344 798 397 praeclara
834 343 911 384 illa
945 357 1031 384 non
1062 342 1222 397 populo
1254 342 1449 384 Romano

115 403 282 445 reddita
309 402 504 456 biremis
537 402 610 443 sed
635 401 831 471 praetori
864 401 1022 443 donata
1053 401 1222 454 cybaea.
1272 400 1337 441 Ea
1369 401 1451 441 fuit

116 475 276 503 merces
308 460 495 515 imperii,
534 460 698 513 auxilii,
731 460 854 514 iuris,
886 459 1224 513 consuetudinis,
1254 458 1451 500 foedeiis.

203 518 386 561 Habetis
424 519 549 560 unius
582 518 770 560 civitatis
802 518 973 559 firmum
1005 518 1211 560 auxilium
1244 517 1451 559 amissum
1477 527 1522 557 60

80 590 96 615 5
116 593 164 620 ac
189 578 409 620 venditum
436 578 593 632 preti03
627 577 870 631 cognoscite
895 591 1007 618 nunc
1031 591 1189 618 novam
1220 576 1453 631 praedandi

115 637 327 678 rationem
377 636 431 678 ab
480 636 561 677 hoc
613 635 799 689 primum
850 636 1150 690 excogitatam.
1225 633 1453 689 Sumptum
1468 633 1524 674 24

116 710 285 737 omnem
305 695 348 735 in
370 695 551 736 classem
571 693 799 746 frumento,
827 694 1039 748 stipendio
1064 693 1300 748 ceterisque
1325 693 1453 734 rebus

116 769 191 795 suo
238 767 429 808 quaeque
472 752 689 794 nauarcho
734 752 885 794 civitas
929 767 1097 806 semper
1136 752 1235 793 dare
1274 752 1453 793 solebat.

115 812 158 853 Is
183 826 332 866 neque,
364 814 412 852 ut
437 813 709 853 accusaretur
736 826 760 851 a
785 812 942 865 nautis,
974 810 1242 852 committere
1269 810 1454 852 audebat

63 883 96 907 10
116 874 158 911 et
201 870 364 912 civibus
409 870 497 910 suis
541 869 731 910 rationes
776 869 933 910 referre
978 869 1162 910 debebat
1207 872 1250 910 et
1291 869 1337 910 in
1376 869 1453 910 illo

116 929 231 971 omni
272 928 448 983 negotio
485 942 572 970 non
610 927 735 969 modo
775 928 941 981 labore,
983 928 1056 969 sed
1095 928 1225 969 etiam
1263 927 1453 982 periculo

116 1002 192 1029 suo
219 987 483 1029 versabatur.
535 986 642 1028 Erat
667 986 759 1040 hoc,
788 989 836 1027 ut
863 986 968 1039 dico,
999 986 1248 1028 factitatum
1275 1001 1455 1041 semper,

114 1061 192 1088 nec
218 1046 358 1088 solum
383 1046 428 1086 in
454 1043 610 1098 Sicilia,
644 1045 716 1086 sed
742 1045 786 1086 in
815 1045 1013 1086 omnibus
1046 1045 1291 1099 provinciis,
1323 1045 1455 1086 etiam

114 1106 160 1146 in
198 1104 410 1146 sociorum
444 1106 486 1145 et
517 1103 769 1145 Latinorum
803 1104 1015 1158 stipendio
1049 1118 1098 1145 ac
1131 1106 1322 1159 sumptu,
1362 1106 1455 1145 tum

64 1175 96 1200 15
116 1178 212 1205 cum
249 1163 424 1204 illorum
464 1162 632 1203 auxiliis
664 1162 728 1203 uti
760 1163 1024 1216 solebamus3
1055 1161 1213 1204 Verres
1245 1165 1345 1217 post
1375 1162 1456 1203 1111-

114 1222 280 1276 perium
319 1221 602 1263 constitutum
633 1221 798 1275 primus
830 1221 1077 1275 imperavit,
1114 1224 1163 1262 ut
1195 1236 1244 1262 ea
1275 1220 1455 1276 pecunia

115 1280 252 1322 onmis
291 1295 316 1320 a
359 1280 608 1321 civitatibus
654 1279 736 1320 sibi
781 1279 1149 1333 adnumeraretur,
1192 1282 1241 1320 ut
1284 1280 1321 1321 is
1360 1294 1453 1321 eam

114 1339 337 1394 pecuniam
363 1340 584 1392 tractaret,
611 1352 735 1391 quem
761 1337 853 1392 ipse
879 1337 1167 1392 praefecisset.
1206 1337 1284 1380 Cui
1309 1340 1456 1391 potest
1481 1347 1523 1379 61

116 1412 207 1439 0330
234 1397 422 1451 dubium,
455 1411 583 1450 quam
611 1397 664 1437 ob
691 1410 781 1437 rem
808 1399 850 1437 et
881 1396 1071 1437 omnium
1104 1397 1450 1438 consuetudinem

62 1468 95 1492 20
115 1459 301 1498 veterem
340 1456 504 1510 primus
543 1455 787 1496 immutaris
826 1457 869 1496 et
905 1457 1074 1496 tantam
1111 1456 1346 1497 utilitatem
1378 1471 1455 1510 per

115 1515 224 1557 alios
262 1514 512 1556 tractandae
548 1514 751 1568 pecuniae
788 1514 1028 1568 neglexeris
1067 1516 1110 1555 et
1144 1517 1313 1555 tantam
1345 1514 1454 1555 diffi-

115 1575 321 1615 cultatem
348 1588 442 1615 cum
470 1572 657 1625 crimine,
689 1572 933 1613 molestiam
959 1587 1054 1613 cum
1088 1573 1329 1627 suspicione
1363 1588 1453 1614 sus-

115 1632 306 1687 ceperis?
368 1631 532 1672 Deinde
577 1631 651 1672 alii
695 1633 898 1684 quaestus
932 1630 1236 1685 instituuntur,
1281 1646 1331 1672 ex
1367 1646 1452 1673 uno

116 1705 269 1747 genere
289 1690 435 1731 navali
455 1690 594 1731 videte
617 1704 743 1743 quam
765 1689 909 1730 multi!
942 1689 1132 1743 accipere
1154 1705 1178 1730 a
1204 1689 1452 1732 civitatibus

62 1761 95 1787 25
114 1749 349 1804 pecuniam,
375 1762 426 1789 ne
453 1750 607 1789 nautas
634 1748 796 1801 darent,
822 1747 960 1802 pretio
988 1750 1104 1789 certo
1131 1748 1287 1789 missos
1313 1748 1453 1790 facere

113 1811 287 1861 11011103,
326 1807 555 1848 missorum
594 1821 718 1848 omne
757 1806 1017 1861 stipendium
1052 1807 1228 1861 lucrari,
1264 1807 1453 1862 reliquis,

114 1866 227 1921 quod
259 1866 449 1919 deberet,
480 1879 566 1906 non
599 1865 699 1906 dare
736 1889 793 1894 ——
832 1865 937 1907 haec
970 1865 1114 1906 omnia
1146 1880 1196 1906 ex
1228 1866 1452 1907 civitatum

112 1925 372 1967 testimoniis
393 1923 650 1979 cognoscite.
685 1923 847 1965 Recita.
879 1923 1169 1966 TESTIMONIA
1191 1935 1452 1966 CIVITATUM.
1467 1958 1518 1998 2-

114 1983 308 2025 Huncine
334 1983 564 2034 hominem,
595 1982 775 2024 hancine
800 1982 1110 2036 inpudentiam,
1139 1983 1311 2037 iudices,
1342 1983 1452 2026 hanc
1478 1971 1522 2041 ἐξ

63 2055 95 2078 30
115 2042 355 2084 audaciam!
386 2041 634 2083 civitatibus
654 2055 731 2095 pro
756 2055 934 2082 numero
961 2041 1149 2083 militum
1174 2042 1452 2096 pecuniarum

116 2115 305 2143 summas
332 2100 574 2152 discribere,
601 2103 763 2141 certum
788 2099 985 2154 pretium,
1019 2114 1215 2142 sescenos
1240 2116 1451 2155 nummos,

113 2162 343 2202 nautarum
393 2157 610 2200 missionis
662 2158 939 2199 constituere!
997 2173 1102 2212 quos
1148 2159 1221 2213 qui
1265 2160 1451 2214 dederat,

114 2221 400 2260 commeatum
428 2217 563 2258 totius
595 2216 772 2258 aestatis
806 2217 1057 2271 abstulerat,
1088 2217 1183 2271 iste,
1216 2218 1328 2272 quod
1362 2218 1452 2259 eius

0 2320 1 2334 ἶ
113 2280 269 2318 11011100
306 2276 477 2318 1101111110
513 2290 591 2330 pro
630 2275 842 2330 stipendio
880 2275 1180 2330 frumentoque
1216 2280 1453 2331 acceperat,

0 2353 1 2370 1
61 2347 94 2373 35
114 2336 373 2377 lucrabatur.
417 2334 486 2376 Ita
507 2337 709 2388 quaestus
732 2334 887 2387 duplex
912 2335 1037 2375 unius
1065 2335 1280 2376 missionis
1308 2336 1450 2377 fiebat.

0 2390 1 2406 ³
114 2394 258 2448 Atque
295 2394 400 2435 haec
436 2394 566 2435 homo
606 2392 924 2434 amentissimus
956 2393 1000 2433 in
1032 2396 1155 2434 tanto
1186 2394 1449 2448 praedonum

113 2453 277 2508 impetu
297 2455 504 2507 tantoque
524 2451 714 2507 periculo
734 2451 978 2506 provinciae
999 2451 1059 2493 sic
1081 2453 1228 2507 palam
1253 2452 1451 2507 faciebat,

1095 2520 1167 2555 29*
