1618 2584
385 239 546 274 L1B.111
591 239 693 274 CAP.
721 244 858 275 67-69
886 243 905 282 ἓ
934 243 1128 274 157-162,
1344 239 1430 280 335

88 337 351 378 istumarem.
407 335 542 388 Tune,
579 351 674 377 cum
706 339 748 377 te
783 350 831 377 ac
862 338 982 377 tuam
1014 335 1149 376 vitam
1181 349 1348 387 nosses,
1385 335 1430 375 in

89 394 278 437 Siciliam
305 397 446 436 tecum
478 395 682 449 grandem
715 397 1033 449 praetextatum
1064 394 1201 434 filium
1234 394 1431 446 ducebas,

87 456 153 507 ut,
191 454 361 495 etiamsi
398 456 554 494 natura
592 468 770 508 puerum
804 469 828 494 a
866 453 1059 508 paternis
1093 453 1210 494 vitiis
1244 455 1372 506 atque
1405 467 1430 493 a

88 513 254 568 generis
283 512 562 553 similitudine
591 512 830 565 abduceret,
863 511 1124 553 consuetudo
1154 514 1301 552 tamen
1333 525 1428 551 eum

52 583 68 607 5
88 574 130 613 et
150 571 377 626 disciplina
398 571 655 625 degenerare
675 586 762 611 non
790 571 977 612 sineret?
1020 570 1106 612 Fac
1133 570 1246 611 enim
1271 570 1403 611 fuisse
1434 578 1499 609 160

87 630 130 672 in
157 645 206 671 eo
232 629 276 671 C.
296 630 415 671 Laeli
442 633 516 671 aut
542 629 597 670 M.
613 628 790 671 Catonis
817 630 1042 671 materiem
1069 632 1197 683 atque
1222 629 1428 681 indolem3

89 689 189 743 quid
235 704 284 730 ex
326 703 375 730 eo
413 688 516 730 boni
555 688 717 743 sperari
755 691 883 742 atque
922 689 1033 729 effici
1070 690 1232 743 potest,
1276 688 1348 742 qui
1384 687 1430 728 in

87 748 223 802 patris
251 748 415 788 luXurie
443 748 503 788 sic
529 747 694 800 vixerit,
726 750 774 788 ut
799 748 967 788 nullum
993 762 1198 801 umquam
1227 746 1429 801 pudicum

86 821 222 861 neque
262 806 453 848 sobrium
486 806 729 847 convivium
761 806 934 859 viderit,
974 807 1046 860 qui
1077 806 1122 846 in
1155 806 1291 860 epulis
1324 805 1429 846 coti-

37 877 67 901 10
89 865 224 907 dianis
270 865 418 906 adulta
463 867 603 906 aetate
647 880 722 919 per
766 865 999 905 triennium
1040 865 1153 905 inter
1190 864 1427 919 impudicas

87 924 287 966 mulieres
333 926 376 965 et
417 924 756 978 intemperantes
801 924 916 965 viros
960 926 1156 965 versatus
1202 923 1276 977 sit,
1320 923 1428 963 nihil

87 998 291 1038 umquam
331 983 513 1024 audierit
552 998 576 1024 a
613 985 755 1037 patre,
795 997 877 1037 quo
910 983 1139 1037 pudentior
1172 985 1245 1023 aut
1276 982 1430 1023 melior

88 1046 213 1096 esset,
244 1042 353 1083 nihil
380 1057 585 1096 umquam
616 1045 785 1096 patrem
816 1042 956 1082 facere
988 1041 1154 1094 viderit,
1189 1041 1302 1095 quod
1333 1055 1429 1082 cum

86 1101 283 1143 imitatus
317 1104 447 1154 esset,
483 1116 587 1154 non,
624 1101 667 1141 id
701 1100 813 1155 quod
845 1101 1145 1155 turpissimum
1177 1103 1260 1154 est,
1292 1100 1428 1154 patris

37 1171 68 1196 15
90 1160 241 1202 similis
275 1161 529 1214 putaretur?

177 1218 339 1268 Quibus
360 1219 405 1260 in
424 1219 552 1260 rebus
571 1234 658 1260 non
679 1219 818 1260 solum
844 1219 948 1272 filio,
975 1219 1145 1272 Verres,
1174 1218 1248 1259 sed
1275 1217 1404 1258 etiam

88 1278 150 1320 rei
176 1279 373 1333 publicae
398 1278 539 1319 fecisti
564 1278 776 1319 iniuriam.
833 1275 1089 1331 Susceperas
1124 1277 1237 1318 enim
1269 1276 1428 1317 liberos

87 1352 175 1379 ,non
201 1338 340 1378 solum
366 1337 460 1391 tibi,
493 1337 565 1378 sed
595 1337 725 1378 etiam
757 1337 936 1391 patriae,
969 1337 1039 1390 qui
1071 1351 1158 1377 non
1190 1335 1317 1377 modo
1349 1335 1431 1375 tibi

88 1396 322 1451 voluptati,
360 1396 433 1437 sed
472 1396 602 1436 etiam
640 1396 712 1450 qui
751 1395 980 1449 aliquando
1013 1395 1109 1436 usui
1140 1395 1202 1435 rei
1233 1394 1430 1449 publicae

35 1466 70 1492 20
88 1459 266 1510 possent
287 1470 391 1496 esse.
435 1454 522 1496 Eos
543 1455 769 1496 instituere
791 1457 919 1508 atque
947 1454 1112 1495 erudire
1140 1454 1193 1494 ad
1219 1453 1431 1494 maiorum

88 1514 301 1568 instituta,
334 1514 387 1555 ad
419 1514 606 1555 civitatis
640 1514 922 1567 disciplinam,
953 1528 1042 1554 non
1073 1513 1126 1554 ad
1157 1516 1233 1553 tua
1264 1511 1432 1566 flagitia

88 1588 226 1627 neque
266 1573 318 1614 ad
357 1576 454 1614 tuas
493 1573 780 1627 turpitudines
820 1572 1023 1626 debuisti3
1066 1574 1178 1613 esset
1217 1586 1266 1612 ex
1303 1570 1432 1611 inerti

90 1635 133 1673 et
170 1632 367 1687 improbo
407 1635 450 1672 et
487 1631 656 1686 impuro
695 1634 873 1685 parente
913 1645 1076 1686 gnavus
1117 1633 1160 1672 et
1195 1630 1357 1684 pudens
1390 1632 1433 1670 et

89 1692 250 1746 probus
278 1691 410 1745 filius,
442 1691 623 1731 haberet
655 1690 818 1744 aliquid
850 1705 917 1731 res
950 1690 1124 1744 publica
1157 1689 1233 1730 abs
1267 1692 1308 1729 te
1341 1703 1432 1729 mu-

37 1762 70 1786 25
88 1750 215 1791 neris.
271 1749 395 1791 Nunc
426 1765 504 1804 pro
537 1752 580 1790 te
607 1749 787 1790 Verrem
821 1749 1084 1790 substituisti
1119 1749 1302 1790 alterum
1335 1747 1433 1789 civi-

90 1810 189 1863 tati,
222 1809 306 1850 nisi
337 1809 450 1850 forte
482 1808 563 1850 hoc
599 1808 785 1849 deterior
818 1811 899 1861 est,
933 1808 968 1848 si
999 1808 1093 1848 fieri
1124 1810 1286 1862 potest,
1319 1806 1433 1860 quod

90 1871 138 1910 tu
176 1868 266 1910 eius
304 1868 420 1909 modi
459 1867 636 1909 evasisti
673 1882 759 1908 non
796 1867 841 1908 in
874 1867 1062 1908 hominis
1095 1866 1320 1919 luxuriosi,
1360 1865 1432 1906 sed

90 1930 260 1969 tantum
304 1928 349 1968 in
390 1926 498 1967 furis
537 1929 665 1981 atque
707 1926 905 1967 divisoris
946 1926 1172 1980 disciplina
1211 1925 1432 1978 educatus3

93 1986 192 2040 quid
217 1987 303 2028 isto
328 1986 420 2027 fore
445 1985 643 2026 festivius
671 1985 943 2038 arbitramur,
975 1985 1011 2026 si
1037 1988 1102 2026 est
1128 1987 1227 2025 tuus
1252 1986 1408 2025 natura
1436 1990 1501 2021 162

39 2056 72 2082 80
90 2045 217 2099 filius,
238 2045 543 2087 consuetudine
564 2045 809 2099 discipulus,
829 2045 1053 2085 voluntate
1081 2043 1264 2084 similis?
1298 2042 1432 2090 Quem

0 2101 2 2110 ’
92 2119 184 2160 ego,
215 2104 388 2158 iudiceS,
422 2104 617 2158 quamvis
644 2104 805 2145 bonum
830 2102 1072 2157 fortemque
1103 2102 1229 2143 facile
1262 2104 1432 2156 paterer

92 2164 288 2218 evadere3
319 2177 406 2204 non
433 2162 546 2204 enim
572 2177 639 2203 me
664 2162 915 2203 inimicitiae
942 2163 1225 2214 commovent,
1259 2160 1296 2201 si
1324 2175 1431 2214 quae

91 2222 198 2264 mihi
219 2237 315 2264 cum
340 2222 425 2263 isto
451 2222 622 2262 futurae
649 2224 760 2264 sunt.
804 2220 918 2262 Nam
946 2221 981 2262 si
1006 2221 1052 2261 in
1080 2220 1277 2261 omnibus
1304 2219 1432 2260 rebus

91 2281 292 2323 innocens
318 2280 439 2322 fuero
466 2280 634 2334 meique
667 2280 832 2333 similis,
864 2280 966 2334 quid
997 2279 1104 2321 mihi
1135 2279 1260 2320 istius
1291 2277 1433 2319 inimi-

40 2350 74 2376 85
94 2340 218 2382 citiae
244 2340 489 2382 nocebunt?
523 2340 590 2380 sin
617 2339 761 2393 aliqua
792 2339 836 2379 in
868 2354 912 2380 re
933 2339 1081 2379 Verris
1116 2337 1268 2379 similis
1300 2337 1434 2389 fuero,

93 2413 180 2441 non
218 2399 355 2454 magis
394 2399 501 2440 mihi
539 2398 673 2439 deerit
710 2398 924 2451 inimicus,
964 2412 1090 2452 quam
1124 2396 1250 2437 Verri
1288 2395 1433 2437 defuit.

0 2477 3 2497 l
93 2457 285 2510 Etenim,
322 2458 500 2512 iudices,
534 2457 622 2499 eius
656 2457 771 2498 modi
802 2472 870 2498 res
903 2457 1075 2512 publica
1109 2456 1234 2497 debet
1267 2469 1359 2497 esse
1391 2457 1434 2495 et

1445 1197 1500 1238 69

1436 1250 1499 1280 161
