1618 2584
400 246 487 281 LIB.
516 246 566 280 ΙΙΙ
604 246 704 282 CAP.
726 251 864 282 77-80
890 251 909 290 ξ
938 250 1136 282 180—184.
1353 249 1439 290 345

95 347 138 385 et
157 357 322 385 mecum
343 342 448 384 duos
469 343 787 396 frugalissimos
808 343 1002 385 homines
1030 343 1192 385 scribas
1219 343 1437 398 haberem,

94 402 140 443 L.
177 401 417 442 Mamilium
463 404 505 442 et
542 402 587 443 L.
621 401 835 457 Sergium,
879 417 965 443 non
1009 402 1134 443 modo
1179 402 1286 444 istas
1333 403 1437 444 duas

96 460 491 515 quinquagesimas,
539 460 612 501 sed
657 461 829 502 omnino
872 476 1095 502 nummum
1139 462 1307 502 nullum
1352 462 1437 502 cui-

96 534 224 573 quam
263 533 354 560 esse
391 519 628 560 deductum.
691 519 888 561 Dicerem
920 520 1000 561 hoc
1033 519 1139 560 mihi
1170 522 1312 561 totum
1344 534 1436 561 esse
1453 519 1507 560 79

59 590 75 615 5
95 578 435 631 adtribuendum,
461 578 631 631 iudices,
658 577 694 618 si
719 578 785 618 illi
812 593 1015 632 umquam
1042 578 1123 620 hoc
1149 593 1174 620 a
1200 593 1267 620 me
1293 581 1438 633 postu-

94 637 270 690 lassent,
297 636 334 677 si
354 651 557 690 umquam
578 636 750 677 omnino
772 637 1049 691 cogitassent,
1090 636 1226 686 Quam
1248 638 1302 679 ob
1323 651 1414 679 rem
1443 640 1508 672 183

95 695 207 736 enim
234 695 375 736 scriba
401 695 592 748 deducat,
625 698 667 736 et
692 709 778 736 non
804 696 948 749 potius
976 696 1122 749 mulio,
1156 697 1228 750 qui
1255 696 1439 750 advexit,

95 755 214 806 [non]
231 754 497 807 tabellarius,
510 753 627 794 cuius
643 753 828 794 adventu
844 755 1046 796 certiores
1061 754 1166 796 facti
1179 756 1439 810 petiverunt,

93 827 259 867 praeco,
286 813 358 866 qui
379 812 494 853 adire
520 812 658 866 iussit,
687 812 828 853 viator
854 816 928 854 aut
942 812 1164 866 Venerius,
1191 814 1264 868 qui
1289 814 1438 856 fiscum

42 883 75 908 ιο
96 871 301 913 sustulit?
334 885 442 925 quae
467 886 568 925 pars
595 886 750 926 operae
778 873 852 912 aut
879 872 1188 926 oportunitatis
1221 873 1265 913 in
1298 873 1440 914 scriba

94 933 177 984 est,
221 944 295 972 cur
339 930 377 971 ei
419 944 506 971 non
544 930 670 971 modo
710 944 871 971 merces
909 933 1034 972 tanta
1072 931 1211 982 detur,
1258 932 1331 972 sed
1366 946 1440 973 cur

93 1004 189 1031 cum
228 1003 276 1030 eo
314 991 463 1030 tantae
500 989 704 1042 pecuniae
739 989 918 1043 partitio
951 989 1057 1030 fiat‘?
1119 989 1233 1030 Ordo
1267 992 1332 1030 est
1363 990 1440 1031 ho-

92 1051 253 1090 nestus.
310 1047 413 1096 Quis
457 1050 606 1103 negat,
652 1049 726 1089 aut
771 1048 872 1102 quid
916 1063 966 1089 ea
1003 1062 1071 1089 res
1110 1048 1163 1089 ad
1200 1048 1311 1090 hanc
1348 1063 1440 1090 rem

93 1107 309 1162 pertinet?
365 1106 447 1147 Est
484 1121 584 1148 vero
622 1106 847 1160 honestus,
886 1107 999 1161 quod
1038 1121 1184 1148 eorum
1216 1107 1439 1148 hominum

42 1177 74 1203 15
93 1166 192 1207 fidei
216 1165 392 1207 tabulae
424 1165 622 1220 publicae
654 1165 928 1220 periculaque
961 1166 1296 1220 magistratuum
1330 1181 1440 1207 com-

93 1225 336 1265 mittuntur.
392 1223 546 1278 Itaque
583 1239 632 1265 ex
664 1224 731 1265 his
765 1224 936 1277 scribis,
975 1225 1047 1278 qui
1080 1224 1199 1279 digni
1231 1227 1331 1265 sunt
1361 1225 1439 1266 illo

94 1283 257 1337 ordine,
296 1283 493 1337 patribus
531 1282 739 1336 familias,
776 1282 879 1324 viris
914 1283 1040 1324 bonis
1073 1285 1202 1337 atque
1233 1283 1429 1324 honestis

93 1342 423 1397 percontamini,
463 1342 564 1396 quid
603 1342 685 1382 sibi
722 1341 832 1382 istae
871 1342 1252 1396 quinquagesimae
1288 1342 1440 1395 velint3

92 1402 179 1442 iam
205 1401 405 1442 omnibus
437 1400 703 1456 intellegetis
734 1415 892 1442 novam
925 1415 1016 1441 rem
1048 1403 1188 1441 totam
1221 1403 1348 1455 atque
1380 1400 1441 1441 in-

42 1471 74 1495 20
95 1460 270 1515 dignam
299 1459 445 1501 videri.
496 1459 565 1500 Ad
598 1473 669 1501 eos
703 1474 770 1500 me
803 1460 965 1500 scribas
998 1474 1162 1513 revoca,
1194 1459 1232 1500 si
1263 1460 1416 1514 placet,
1446 1468 1511 1499 184

93 1519 183 1560 noli
202 1519 282 1560 hos
303 1518 518 1573 colligere,
547 1518 618 1571 qui
637 1518 872 1559 nummulis
893 1518 1134 1573 corrogatis
1159 1518 1208 1559 de
1234 1521 1441 1572 nepotum

95 1578 217 1619 donis
262 1591 310 1618 ac
355 1577 405 1617 de
450 1577 741 1618 scaenicorum
786 1576 1045 1630 corollariis,
1090 1592 1185 1618 cum
1225 1577 1441 1618 decuriam

95 1638 307 1689 emerunt,
351 1650 401 1676 ex
445 1636 585 1689 primo
628 1635 775 1677 ordine
814 1635 1090 1689 explosorum
1126 1635 1172 1675 in
1210 1636 1441 1677 secundum

94 1695 286 1737 ordinem
308 1694 496 1735 civitatis
524 1709 567 1735 se
594 1694 761 1735 venisse
788 1694 944 1735 dicunt.
993 1693 1082 1735 Eos
1109 1693 1271 1735 scribas
1298 1697 1441 1736 tecum

41 1771 74 1797 25
95 1754 404 1808 disceptatores
437 1753 563 1793 huius
596 1753 785 1794 criminis
817 1753 999 1807 habebo,
1032 1753 1105 1807 qui
1136 1753 1243 1794 istos
1278 1753 1440 1795 scribas

95 1827 186 1854 esse
224 1813 405 1853 moleste
443 1812 598 1853 ferunt.
654 1811 862 1865 Tametsi,
902 1827 997 1854 cum
1034 1811 1079 1852 in
1117 1826 1166 1853 eo
1200 1811 1347 1853 ordine
1378 1812 1442 1853 vi-

95 1873 268 1913 deamus
302 1885 392 1912 esse
425 1871 586 1912 multos
617 1885 705 1912 non
735 1871 930 1924 idoneos,
964 1871 1036 1924 qui
1068 1870 1171 1912 ordo
1203 1870 1440 1912 industriae

94 1931 342 1985 propositus
378 1932 444 1970 est
476 1932 519 1971 et
552 1930 772 1985 dignitati,
812 1929 1066 1970 mirabimur
1097 1929 1237 1983 turpis
1271 1929 1440 1983 aliquos

93 1990 154 2031 ibi
198 2004 306 2043 esse,
352 2003 435 2043 quo
480 1988 613 2030 cuivis
658 1989 797 2043 pretio
836 1988 937 2030 licet
975 1988 1228 2043 pervenire?
1290 1988 1354 2029 Tu
1390 2003 1439 2029 ex
1455 1986 1512 2027 80

43 2065 74 2090 30
94 2049 274 2103 pecunia
299 2047 473 2102 publica
498 2046 570 2087 HS
597 2047 832 2088 terdeciens
861 2047 1046 2088 scribam
1072 2049 1196 2087 tuum
1227 2046 1440 2100 permissu

93 2111 168 2149 tuo
208 2122 303 2149 cum
342 2106 572 2147 abstulisse
609 2106 791 2159 fateare,
829 2106 1040 2160 reliquam
1078 2105 1161 2146 tibi
1197 2105 1332 2146 ullam
1371 2105 1439 2146 de-

93 2166 331 2208 fensionem
351 2167 478 2220 putas
505 2165 626 2205 esse?
658 2164 740 2206 hoc
766 2179 1025 2219 quemquam
1051 2165 1162 2205 ferre
1189 2178 1327 2218 posse,
1359 2164 1440 2206 hoc

95 2240 353 2280 quemquam
392 2223 572 2277 denique
608 2238 720 2265 nunc
751 2226 924 2265 tuorum
957 2223 1263 2265 advocatorum
1297 2223 1439 2264 animo

95 2299 230 2338 aequo
258 2283 403 2325 audire
430 2282 653 2336 arbitrare,
687 2297 770 2336 qua
801 2282 847 2323 in
879 2282 1054 2324 civitate
1082 2281 1125 2324 C.
1147 2280 1312 2335 Catoni,
1345 2296 1440 2323 con-

43 2358 74 2384 35
96 2343 229 2384 sulari
259 2342 443 2395 homini,
479 2341 719 2382 clarissimo
751 2341 863 2394 viro,
894 2339 968 2382 HS
999 2342 1093 2381 Vffi
1124 2340 1178 2381 lis
1211 2340 1440 2382 aestimata

96 2402 169 2456 sit,
205 2402 251 2443 in
289 2402 436 2442 eadem
468 2400 643 2441 civitate
676 2400 915 2454 apparitori
947 2403 1022 2440 tuo
1055 2414 1147 2440 esse
1180 2413 1440 2453 concessum,

13 2401 18 2584 ι
94 2463 142 2502 ut
171 2459 245 2501 HS
277 2460 513 2501 terdeciens
546 2474 630 2500 uno
662 2459 833 2501 nomine
868 2458 1085 2500 auferret?
