1618 2584
394 267 483 303 LIB.
509 267 560 302 ΙΙΙ
606 268 706 304 CAP.
733 274 871 304 23—25
899 274 917 312 g
946 274 1093 304 56—61.
1328 271 1412 313 293

71 365 387 418 praetermitto,
427 379 555 418 quam
594 366 675 406 iste
716 365 879 407 civibus
911 365 1118 407 Romanis
1151 368 1306 407 testem
1339 368 1412 408 hu·

70 423 292 464 manitatis
336 424 380 464 in
425 438 496 465 eos
542 439 590 465 ac
634 424 950 466 benivolentiae
992 439 1093 466 suae
1130 425 1270 466 voluit
1308 440 1412 478 esse,

69 481 215 534 mitto,
260 482 454 536 inquam,
498 482 603 524 haec
648 483 791 524 omnia
836 486 964 537 atque
1007 483 1052 524 in
1093 483 1209 525 aliud
1247 484 1411 525 dicendi

69 543 238 594 tempus
283 541 430 593 reici03
479 541 528 582 de
573 541 778 595 decumis,
824 542 874 583 de
918 542 1074 583 civium
1118 542 1411 584 Romanorum

34 610 49 636 5
70 599 314 640 condicione
335 599 379 640 in
400 600 666 641 arationibus
688 600 879 654 disput03
906 601 977 654 qui
1004 616 1130 654 quem
1158 601 1211 642 ad
1237 601 1411 643 modum

70 660 212 699 essent
250 659 431 712 accepti,
474 658 650 711 iudices,
695 659 874 699 audistis
918 674 967 700 ex
1007 660 1132 714 ipsis,
1175 660 1289 701 bona
1328 660 1412 701 sibi

70 719 217 770 erepta
237 731 329 757 esse
357 717 564 758 dixerunt.
610 716 771 758 Verum
798 717 915 772 haec,
949 719 1151 771 quoniam
1178 719 1267 760 eius
1295 719 1411 760 modi
1438 730 1482 761 60

69 790 196 817 causa
237 775 337 828 fuit,
381 775 554 816 ferenda
599 778 716 829 sunt,
759 776 868 816 nihil
911 777 1098 818 valuisse
1138 778 1412 832 aequitatem,

67 833 176 874 nihil
222 834 588 888 consuetudinem3
634 835 789 876 damna
831 835 1027 889 denique,
1071 836 1249 890 iudices,
1293 837 1413 877 nulla

17 904 49 929 ιο
67 895 191 933 tanta
230 895 347 944 sunt,
386 908 492 946 quae
528 908 614 934 11011
646 893 727 934 viri
758 893 893 934 fortes
928 909 975 935 ac
1008 909 1166 950 magno
1200 898 1242 936 et
1275 896 1411 936 libero

69 951 211 992 animo
245 951 401 992 adfecti
432 951 608 992 ferenda
640 952 915 993 arbitrentur.
972 952 1094 1006 Quid,
1126 953 1162 994 si
1195 954 1412 1007 equitibus

67 1010 274 1051 Romanis
307 1025 392 1051 non
425 1011 617 1051 obscuris
649 1025 786 1065 neque
817 1011 999 1066 ignotis,
1039 1012 1111 1052 sed
1143 1012 1336 1053 honestis
1370 1016 1412 1053 et

66 1068 324 1110 inlustribus
359 1084 510 1110 manus
544 1070 597 1110 ab
625 1070 816 1123 Apronio
849 1071 933 1110 isto
967 1073 1165 1123 praetore
1198 1071 1288 1112 sine
1320 1072 1412 1112 ulla

67 1128 335 1169 dubitatione
352 1127 685 1169 adferebantur?
713 1129 812 1182 quid
834 1130 1082 1183 expectatis,
1104 1130 1205 1183 quid
1226 1131 1411 1184 amplius

18 1197 49 1223 15
69 1202 94 1228 a
114 1201 180 1227 me
202 1186 424 1228 dicendum
451 1188 646 1241 putatis?
680 1201 734 1228 an
760 1187 803 1227 id
830 1188 1055 1242 agendum,
1082 1191 1129 1229 ut
1156 1203 1204 1229 eo
1233 1189 1411 1230 celerius

68 1246 118 1286 de
149 1245 234 1286 isto
266 1246 572 1300 transigamus,
605 1260 688 1299 quo
722 1247 932 1287 maturius
965 1247 1018 1287 ad
1043 1246 1285 1300 Apronium
1317 1263 1412 1302 pos-

69 1305 218 1358 simus,
249 1304 293 1345 id
325 1305 439 1359 quod
471 1318 549 1359 ego
583 1305 648 1344 illi
680 1305 766 1345 iam
798 1305 843 1345 in
875 1303 1021 1346 Sicilia
1052 1306 1271 1359 pollicitus
1305 1321 1411 1360 sum,

66 1363 316 1418 pervenire?
362 1363 434 1417 qui
466 1362 511 1405 C.
537 1362 808 1417 Matrinium,
843 1363 1020 1417 iudices,
1054 1379 1221 1406 summa
1253 1365 1412 1406 virtute

66 1422 302 1475 hominem,
336 1436 503 1463 summa
533 1422 762 1475 industria,
797 1437 964 1464 summa
997 1423 1157 1478 gratia,
1189 1423 1412 1465 Leontinis

15 1491 48 1517 20
68 1481 110 1522 in
144 1481 316 1535 publico
349 1481 526 1522 biduum
559 1482 708 1522 tenuit.
766 1480 804 1521 A
833 1481 878 1530 Q.
900 1481 1105 1535 Apronio,
1136 1482 1308 1536 iudices,
1339 1483 1412 1524 ho-

69 1540 182 1580 mine
220 1540 264 1580 in
300 1539 503 1580 dedecore
534 1542 655 1593 nato,
694 1540 746 1580 ad
779 1540 1090 1594 turpitudinem
1123 1542 1320 1595 educato,
1360 1541 1413 1582 ad

66 1597 215 1639 Verris
241 1598 410 1653 flagitia
436 1598 719 1652 libidinesque
745 1599 1086 1652 adcommodato,
1118 1600 1306 1653 equitem
1332 1600 1412 1641 Ro-

68 1672 245 1698 manum
279 1657 431 1697 scitote
464 1657 640 1698 biduum
675 1657 769 1698 cibo
801 1660 1000 1711 tectoque
1032 1658 1319 1712 prohibitum,
1352 1659 1412 1699 bi-

69 1715 197 1757 duum
242 1715 464 1756 Leontinis
511 1716 556 1756 in
602 1715 697 1757 foro
742 1716 948 1757 custodiis
986 1716 1153 1770 Aproni
1196 1720 1412 1758 retentum

17 1785 48 1811 25
69 1777 197 1828 atque
224 1774 498 1815 adservatum
523 1789 660 1828 neque
688 1777 786 1816 ante
814 1774 1049 1829 dimissum,
1082 1790 1211 1829 quam
1238 1776 1291 1817 ad
1318 1791 1412 1817 con-

69 1833 276 1875 dicionem
309 1833 398 1874 eius
432 1833 632 1888 depectus
666 1836 744 1875 est.

155 1892 269 1933 Nam
303 1892 403 1946 quid
436 1906 514 1946 ego
548 1892 597 1932 de
626 1891 672 1940 Q.
692 1892 833 1933 Lollio
867 1893 1023 1946 dicam,
1056 1893 1234 1946 iudices,
1267 1894 1410 1948 equite
1425 1876 1482 1958 26}

69 1951 261 1992 Romano
289 1953 483 2005 spectato
512 1953 640 2005 atque
666 1951 878 1992 honesto?
931 1952 1059 1993 Clara
1084 1967 1152 1993 res
1179 1955 1256 2005 est,
1283 1967 1411 2006 quam

70 2010 259 2051 dicturus
286 2024 392 2064 sum,
419 2012 514 2051 tota
542 2008 687 2051 Sicilia
714 2010 991 2051 celeberrima
1018 2013 1146 2065 atque
1172 2011 1412 2052 notissima.

20 2078 52 2103 ³0
72 2068 151 2117 Qui
178 2083 272 2110 cum
306 2071 449 2110 araret
480 2069 525 2109 in
552 2068 775 2122 Aetnensi,
807 2084 986 2123 cumque
1018 2070 1054 2110 is
1088 2084 1191 2124 ager
1216 2069 1411 2124 Apronio

68 2142 162 2169 cum
200 2128 352 2169 ceteris
392 2127 508 2182 agris
548 2131 661 2168 esset
696 2128 900 2181 traditus,
939 2128 1128 2182 equestri
1159 2130 1303 2169 vetere
1334 2128 1413 2169 illa

68 2187 324 2228 auctoritate
364 2188 407 2227 et
445 2186 587 2241 gratia
624 2186 760 2227 fretus
800 2186 1045 2228 adfirmavit
1083 2201 1127 2228 se
1167 2187 1411 2228 decumanis

67 2245 175 2299 plus,
202 2260 330 2299 quam
352 2245 537 2298 deberet,
563 2259 650 2286 non
670 2245 881 2286 daturum.
926 2245 1128 2286 Refertur
1154 2246 1243 2286 eius
1272 2260 1411 2287 sermo

69 2303 121 2344 ad
134 2303 387 2359 Apronium.
431 2304 561 2344 Enim
581 2318 682 2345 vero
708 2304 790 2345 iste
816 2304 953 2345 ridere
981 2319 1028 2346 ac
1054 2304 1203 2345 mirari
1222 2303 1412 2346 Lollium

19 2370 49 2397 3⁵
66 2362 174 2403 nihil
226 2363 275 2404 de
324 2362 547 2416 Matrinio,
596 2363 705 2403 nihil
757 2363 806 2404 de
857 2363 1008 2404 ceteris
1058 2363 1185 2404 rebus
1232 2363 1412 2405 audisse.

67 2419 205 2462 Mittit
243 2422 295 2463 ad
332 2422 550 2463 hominem
576 2421 797 2463 Venerios.
859 2421 954 2463 Hoc
990 2437 1157 2476 quoque
1191 2422 1411 2475 attendite,

69 2480 336 2536 apparitores
358 2496 382 2522 a
401 2483 600 2537 praetore
623 2481 873 2536 adsignatos
894 2481 1097 2522 habuisse
1119 2481 1412 2534 decumanum,
