1618 2584
0 126 1 216 1

419 232 507 268 LIB.
531 233 561 267 v
602 232 704 267 CAP.
731 237 786 276 29,
814 236 857 267 30
884 236 902 273 ς
930 236 1078 267 73—78.
1333 232 1418 274 457

82 330 267 385 piratae,
311 344 336 370 a
381 344 463 383 quo
508 335 700 383 tempore
745 329 860 382 capti
899 329 1017 380 sunt,
1062 327 1201 380 quoad
1239 342 1314 381 per
1353 343 1420 369 me

83 388 248 430 licitum
275 390 351 441 est,
377 387 562 440 fuerunt,
588 388 669 428 hoc
695 389 760 427 est
786 386 926 440 quoad
951 400 1027 440 per
1052 385 1119 426 Μ’.
1141 384 1419 427 Glabrionem

83 447 249 489 licitum
281 449 364 498 est,
405 446 477 500 qui
508 445 757 500 postulante
790 459 856 486 me
888 444 1065 499 produci
1096 447 1225 498 atque
1257 445 1301 485 in
1333 459 1420 486 car-

83 520 220 547 cerem
247 505 370 546 condi
396 504 637 559 imperavit.
681 503 802 552 Quod
829 506 894 544 est
919 503 1094 545 huiusce
1120 503 1182 544 rei
1206 503 1284 556 ius,
1312 518 1418 557 quae
1436 502 1491 542 30

46 577 62 602 5
83 563 356 617 consuetudo,
378 563 490 617 quod
511 562 780 616 exemplum?
813 561 995 603 Hostem
1017 561 1269 603 acerrimum
1291 564 1420 615 atque

82 622 410 664 infestissimum
449 622 597 676 populi
635 620 820 661 Romani
858 635 931 662 seu
969 620 1114 674 potius
1152 634 1420 661 communem

83 682 251 723 hostem
280 681 473 736 gentium
503 680 812 733 nationumque
845 678 1036 720 omnium
1069 678 1297 733 quisquam
1331 693 1421 720 om-

81 740 200 781 nium
228 739 476 781 mortalium
503 739 697 793 privatus
731 738 846 778 intra
877 737 1046 778 moenia
1079 737 1194 778 domi
1227 751 1327 778 suae
1360 751 1421 778 re-

82 799 218 839 tinere
238 797 428 852 poterit?
475 797 612 845 Quid?
646 796 681 837 si
702 796 849 850 pridie,
876 811 1004 850 quam
1031 811 1056 837 a
1081 810 1148 836 me
1174 798 1223 836 tu
1249 798 1421 837 coactus
1448 797 1490 830 77

31 871 63 896 10
84 872 127 899 es
172 856 366 898 confiteri
410 855 572 897 civibus
614 854 821 896 Romanis
867 854 1002 896 securi
1046 854 1259 909 percussis
1304 869 1422 909 prae-

83 916 239 957 donum
278 915 425 957 ducem
464 914 624 966 vivere,
661 913 859 954 habitare
893 913 1006 968 apud
1038 916 1097 967 te,
1130 913 1196 966 .si,
1234 913 1423 967 inquam,

82 974 218 1029 pridie
239 974 363 1015 domo
390 976 465 1014 tua
490 972 764 1028 profugisset,
792 972 828 1012 si
855 972 1045 1025 aliquam
1071 986 1246 1012 manum
1272 974 1423 1013 contra

82 1047 173 1074 rem
210 1032 427 1087 publicam
461 1031 602 1085 {acere
634 1031 863 1084 potuisset,
902 1030 1004 1085 quid
1036 1030 1225 1071 diceres?
1279 1029 1422 1084 tApud

84 1106 150 1133 me
195 1090 427 1143 habitavit,
478 1104 641 1131 mecum
685 1089 785 1142 fuit3
830 1103 909 1144 ego
954 1089 1078 1130 illum
1123 1089 1176 1130 ad
1218 1088 1422 1130 iudicium

32 1164 64 1189 ιε»
83 1165 237 1203 meum,
265 1164 347 1203 quo
374 1149 541 1190 facilius
568 1148 728 1190 crimen
753 1148 1023 1189 inimicorum
1051 1147 1212 1188 diluere
1238 1161 1423 1202 possem,

82 1209 227 1251 vivum
266 1211 394 1261 atque
432 1207 690 1249 incolumem
728 1205 971 1247 reservavi?
1039 1206 1161 1247 ltane
1200 1206 1330 1247 vero?
1375 1208 1423 1246 tu

81 1271 157 1309 tua
183 1267 374 1322 pericula
400 1266 615 1307 communi
640 1265 829 1320 periculo
863 1264 1091 1306 defendes?
1124 1266 1172 1304 tu
1200 1264 1423 1318 supplicia,

83 1341 191 1381 quae
231 1325 437 1366 debentur
475 1324 673 1365 hostibus
711 1324 854 1376 vietis,
893 1323 946 1364 ad
979 1326 1119 1377 tuum,
1157 1337 1244 1363 non
1277 1322 1330 1363 ad
1361 1323 1421 1363 rei

82 1384 279 1439 publicae
311 1386 480 1438 tempus
514 1383 734 1424 conferes?
770 1381 919 1436 populi
951 1381 1137 1423 Romani
1168 1381 1307 1422 hostis
1340 1381 1423 1435 pri-

31 1457 64 1482 20
84 1444 173 1485 vati
215 1442 402 1484 hominis
444 1441 648 1483 custodiis
688 1440 1014 1482 adservabitur‘?
1082 1440 1143 1481 At
1181 1440 1311 1480 etiam
1351 1440 1424 1493 qui

83 1501 356 1556 triumphant
393 1514 526 1554 eoque
565 1500 723 1540 diutius
756 1498 876 1540 vivos
910 1498 1099 1539 hostium
1133 1498 1258 1540 duces
1290 1512 1423 1539 reser-

83 1564 204 1613 vant,
253 1562 302 1601 ut
350 1559 418 1600 his
468 1573 543 1612 per
587 1558 855 1612 triumphum
903 1557 1040 1598 ductis
1085 1557 1422 1611 pulcherrimum

85 1619 375 1674 spectaculum
418 1617 690 1671 fructumque
733 1616 939 1657 victoriae
977 1616 1162 1670 populus
1201 1615 1422 1656 Romanus

83 1678 301 1734 percipere
338 1676 494 1730 possit,
531 1679 693 1729 tamen,
732 1689 827 1716 cum
866 1674 915 1715 de
952 1674 1046 1715 foro
1082 1674 1128 1714 in
1159 1672 1423 1728 Capitolium

31 1750 64 1775 25
85 1751 232 1779 currus
258 1736 428 1777 flectere
452 1735 675 1788 incipiunt,
706 1734 806 1775 illos
835 1733 929 1774 duci
955 1733 1000 1773 in
1026 1747 1237 1774 carcerem
1262 1732 1423 1786 iubent,

83 1796 280 1849 idemque
301 1794 390 1835 dies
411 1796 453 1834 et
475 1793 711 1834 victoribus
737 1792 908 1846 imperii
934 1794 976 1832 et
1003 1791 1126 1833 victis
1153 1791 1268 1832 vitae
1293 1791 1423 1832 finem

82 1855 224 1896 facit..
255 1853 314 1894 Et
350 1866 461 1894 nunc
494 1852 691 1905 cuiquam
724 1851 848 1892 credo
882 1864 974 1891 esse
1007 1850 1201 1903 dubium,
1241 1850 1344 1903 quin
1375 1852 1423 1890 tu
1450 1851 1493 1883 78

83 1913 126 1954 id
152 1912 457 1955 commissurus
483 1925 569 1952 non
594 1910 737 1963 fueris,
769 1908 1025 1964 praesertim
1055 1923 1150 1950 cum
1184 1908 1423 1960 statuisses,

83 1975 132 2013 ut
158 1972 233 2025 ais,
264 1970 346 2011 tibi
378 1983 551 2011 causam
584 1983 676 2010 esse
709 1968 941 2021 dicendam,
973 1969 1021 2008 ut
1053 1967 1126 2008 ille
1160 1967 1424 2021 archipirata

31 2040 65 2070 30
84 2045 170 2073 non
212 2029 357 2085 potius
403 2028 539 2069 securi
580 2027 799 2079 feriretur,
844 2041 990 2080 quam,
1035 2025 1147 2080 quod
1193 2028 1284 2066 erat
1324 2027 1423 2066 ante

85 2089 231 2132 oculos
266 2087 473 2142 positum,
511 2088 585 2127 tuo
618 2085 809 2140 periculo
842 2085 1023 2125 viveret!
1086 2083 1131 2125 Si
1164 2084 1278 2124 enim
1311 2085 1424 2124 esset

84 2150 298 2201 mortuus,
330 2149 395 2200 tu,
429 2145 500 2199 qui
530 2144 690 2186 crimen
723 2144 784 2185 ais
817 2146 860 2185 te
892 2142 1114 2196 metuisse,
1148 2157 1325 2196 quaero,
1357 2142 1425 2183 cui

84 2205 319 2261 probares?
370 2219 465 2246 cum
516 2205 735 2245 constaret
783 2202 915 2243 istum
960 2201 1181 2255 Syracusis
1229 2215 1254 2242 a
1302 2200 1423 2241 nullo

83 2266 223 2307 visum
268 2278 360 2305 esse
404 2262 729 2316 archipiratam,
781 2261 833 2302 ab
880 2261 1078 2302 omnibus
1124 2259 1424 2312 desideratum,

30 2336 64 2363 35
85 2339 180 2366 cum
219 2323 436 2364 dubitaret
472 2335 616 2373 nemo,
662 2320 764 2374 quin
801 2320 877 2361 abs
916 2322 958 2360 te
996 2318 1176 2373 pecunia
1214 2318 1424 2359 liberatus

85 2385 216 2436 esset,
266 2396 360 2423 cum
409 2380 539 2435 volgo
590 2379 869 2432 loquerentur
919 2378 1191 2432 suppositum
1239 2377 1284 2418 in
1335 2376 1424 2418 eius

84 2443 244 2496 locum,
295 2454 420 2495 quem
468 2453 546 2493 pro
596 2438 672 2479 illo
722 2438 906 2491 probare
956 2437 1108 2487 velles,
1157 2450 1253 2478 cum
1296 2437 1345 2476 tu
1381 2436 1425 2475 te
