1618 2584
63 778 85 857 eam-a

87 828 105 857 Ιῦ
94 776 117 815 09

61 1450 105 1479 33

63 2028 107 2059 34

131 230 217 270 282
531 228 580 263 ΙΝ
608 228 644 264 C.
672 228 875 262 VERREM
900 227 1004 262 ACT.
1031 227 1074 262 11.

131 341 180 367 ac
201 325 355 380 spiritu
376 339 452 366 suo
472 324 571 377 vini,
593 324 813 378 unguenti,
834 324 1024 378 corporis
1046 324 1174 365 odore
1195 324 1469 377 complesset,

132 384 310 425 dixisset
336 384 452 437 haec,
486 397 593 437 quae
619 383 749 437 volgo
777 382 914 423 dicere
943 382 1124 436 solebat,
1154 397 1241 424 non
1272 397 1317 423 se
1350 383 1470 423 decu-

133 458 224 484 mas
261 443 432 495 emisse,
471 442 544 482 sed
575 441 688 481 bona
718 441 1000 495 fortunasque
1034 444 1271 494 aratorum,
1307 456 1394 482 non
1426 455 1470 482 se

133 502 412 543 decumanum
452 514 544 541 esse
576 499 834 553 Apronium,
874 500 947 540 sed
972 498 1151 540 Verrem
1184 500 1368 541 alterum
1401 499 1471 540 do-

133 562 296 601 minum
322 560 498 599 illorum
530 573 578 599 ac
610 561 851 612 tyrannum.
909 557 1025 606 Quae
1057 573 1152 599 cum
1185 559 1373 612 dixisset,
1405 558 1472 598 illi

133 619 286 673 optimi
330 618 412 658 viri
455 617 505 658 de
548 616 724 658 cohorte
767 617 891 657 istius
937 620 1257 671 recuperatores
1297 631 1384 658 non
1421 617 1471 657 de

133 676 393 718 absolvendo
409 676 602 730 Apronio
625 675 922 729 deliberarent,
950 675 1023 716 sed
1047 678 1312 729 quaererent,
1338 689 1470 729 ecquo

134 736 259 777 modo
298 735 529 789 petitorem
567 735 710 788 ipsum
742 734 935 788 Apronio
969 735 1251 775 condemnare
1282 737 1470 788 possent.

222 794 344 835 Hanc
388 796 436 834 tu
481 793 699 834 licentiam
746 793 1079 847 diripiendorum
1119 795 1338 834 aratorum
1376 807 1470 834 cum

1490 568 1506 594 &x

134 852 390 905 decumanis,
416 852 498 893 1100
525 854 590 892 est
616 866 711 893 cum
728 851 921 906 Apronio
948 852 1229 906 permisisses,
1255 855 1314 905 ut,
1342 866 1471 905 quan-
1493 864 1524 887 10
1584 863 1585 879 ³

132 916 225 952 tum
246 912 389 964 vellet,
410 913 617 964 posceret,
639 913 847 964 quantum
867 911 1146 964 poposcisset,
1167 910 1366 964 auferret,
1391 910 1472 951 hoc

131 970 213 1011 tibi
258 970 515 1011 defensionis
561 969 614 1010 ad
654 970 855 1010 iudicium
896 972 1018 1010 tuum
1056 970 1355 1023 comparabas,
1398 968 1472 1010 ha-

132 1029 277 1070 buisse
298 1031 340 1069 te
367 1028 552 1069 edictum
577 1031 899 1082 recuperatores
925 1028 970 1068 in
996 1028 1215 1082 octuplum
1243 1028 1472 1068 daturum?

134 1087 177 1128 Si
223 1087 489 1128 mehercules
529 1101 578 1127 ex
617 1087 734 1128 omni
772 1087 895 1140 copia
933 1091 1165 1127 conventus
1204 1084 1472 1140 Syracusani,

134 1146 580 1201 splendidissimorum
616 1145 1104 1198 honestissimorumque
1135 1145 1375 1199 hominum,
1412 1145 1472 1185 fa·
1492 1156 1524 1180 15

133 1220 250 1246 ceres
271 1207 532 1259 potestatem
555 1204 717 1245 aratori
739 1218 826 1244 11011
851 1204 976 1245 modo
1004 1204 1216 1257 reiciendi,
1243 1204 1315 1244 sed
1342 1203 1472 1244 etiam

134 1264 329 1304 sumendi
346 1266 680 1316 recuperatores,
701 1266 846 1304 tamen
863 1263 943 1304 hoc
959 1277 1117 1303 novum
1139 1277 1271 1316 genus
1292 1262 1472 1303 iniuriae

132 1323 245 1363 ferre
271 1337 397 1363 nemo
425 1324 582 1375 posset,
615 1325 669 1374 te,
701 1336 797 1362 cum
830 1324 926 1361 tuos
961 1336 1107 1361 omnes
1139 1323 1302 1362 fructus
1335 1321 1473 1375 publi-

134 1395 239 1422 cano
277 1381 528 1421 tradidisses
569 1383 610 1421 et
649 1394 739 1420 rem
778 1380 827 1421 de
866 1380 1063 1421 manibus
1103 1380 1338 1433 amisisses,
1379 1383 1472 1419 tum

134 1440 246 1480 bona
272 1442 348 1480 tua
373 1442 565 1493 repetere
592 1454 640 1479 ac
666 1439 864 1493 persequi
891 1439 967 1479 lite
994 1441 1122 1492 atque
1153 1439 1319 1479 iudicio.
1365 1436 1472 1479 Cum
1494 1450 1526 1474 20

133 1513 234 1539 vero
279 1498 410 1538 verbo
454 1498 657 1538 iudicium
703 1497 758 1537 sit
795 1497 840 1538 in
878 1497 1033 1550 edicto,
1077 1511 1122 1538 re
1165 1497 1335 1550 quidem
1372 1511 1473 1537 vera

133 1560 307 1597 tuorum
346 1556 571 1609 comitum,
609 1556 832 1596 hominum
869 1555 1248 1609 nequissimorum,
1292 1555 1471 1596 collusio

133 1631 228 1656 011111
256 1615 514 1668 decumanis,
547 1614 672 1655 sociis
700 1615 785 1654 tuis
813 1617 942 1668 atque
972 1614 1075 1655 adeo
1109 1615 1472 1669 procuratoribus,

133 1677 281 1714 tamen
325 1674 452 1715 audes
492 1674 622 1714 ullius
662 1673 923 1714 mentionem
960 1673 1105 1714 iudicii
1142 1673 1310 1714 facere?
1354 1687 1473 1727 prae-

134 1733 284 1773 sertim
314 1747 410 1773 cum
441 1732 485 1773 id
515 1747 602 1773 non
634 1732 759 1772 modo
794 1732 987 1772 oratione
1020 1746 1126 1785 mea,
1159 1732 1232 1772 sed
1265 1731 1394 1772 etiam
1427 1746 1472 1772 10
1492 1742 1525 1767 25

132 1792 228 1845 ipsa
266 1791 507 1844 refellatur,
547 1790 659 1844 quod
696 1791 740 1830 in
772 1791 906 1830 tantis
939 1790 1219 1831 incommodis
1252 1793 1473 1831 aratorum

132 1850 384 1903 iniuriisque
435 1850 764 1890 decumanorum
814 1849 981 1889 nullum
1029 1864 1078 1889 ex
1122 1849 1206 1889 isto
1250 1850 1472 1903 praeclaro

134 1909 272 1949 edicto
311 1922 398 1948 non
435 1908 561 1948 modo
593 1908 773 1962 factum,
813 1908 885 1948 sed
917 1922 970 1948 ne
1001 1908 1270 1962 postulatum
1302 1907 1473 1961 quidem

132 1967 335 2008 iudicium
368 1966 596 2007 invenitur.

222 2026 319 2066 Erit
346 2027 492 2065 tamen
517 2026 559 2065 in
588 2028 778 2066 aratores
806 2025 943 2065 lenior
970 2040 1098 2079 quam
1124 2025 1303 2066 videtur.
1360 2024 1473 2066 Nam
1493 2035 1525 2060 30

134 2084 207 2138 qui
233 2084 278 2124 in
304 2084 560 2125 decumanos
591 2084 754 2138 octupli
786 2084 988 2124 iudicium
1021 2098 1064 2124 se
1098 2083 1297 2125 daturum
1331 2084 1474 2137 edixit,

132 2143 245 2183 idem
280 2142 433 2183 habuit
465 2143 509 2183 in
541 2142 678 2183 edicto
713 2157 757 2183 se
788 2143 833 2182 in
866 2145 1079 2183 aratorem
1111 2142 1155 2182 in
1188 2143 1474 2197 quadruplum

134 2202 347 2242 daturum.
398 2200 500 2249 Quis
528 2201 640 2242 hunc
666 2201 794 2242 audet
821 2201 957 2242 dicere
991 2201 1235 2242 aratoribus
1267 2201 1474 2242 infestum

134 2263 208 2301 aut
228 2260 447 2301 inimicum
472 2260 634 2300 fuisse?
668 2263 828 2313 quanto
855 2260 993 2300 lenior
1020 2262 1085 2300 est
1112 2275 1239 2313 quam
1266 2260 1311 2300 in
1337 2260 1475 2313 publi-

134 2320 303 2359 canum!
374 2319 538 2371 Edixit,
582 2321 647 2372 ut,
692 2319 805 2372 quod
850 2319 1106 2359 decumanus
1152 2319 1354 2359 edidisset
1393 2318 1475 2359 sibi
1494 2327 1524 2354 35

134 2378 227 2417 dari
259 2380 474 2431 oportere,
506 2378 547 2417 id
582 2378 635 2418 ab
669 2380 838 2418 aratore
872 2377 1154 2431 magistratus
1189 2376 1356 2418 Siculus
1390 2377 1474 2418 exi-

135 2438 267 2489 geret.
318 2435 427 2483 Quid
454 2436 607 2489 reliqui
634 2439 698 2477 est
727 2436 882 2490 iudicii,
915 2435 1027 2489 quod
1059 2435 1103 2476 in
1136 2439 1351 2477 amtorem
1385 2435 1475 2477 dari
