1618 2584
378 244 469 279 LIB.
495 244 545 279 IV
584 244 684 280 CAP.
711 247 850 280 26—28
875 248 894 286 ξ
921 247 1070 279 58-64.
1306 244 1390 286 389

58 337 256 396 praetore
282 340 401 382 venit
427 339 674 394 Syracusas.
722 340 803 382 Hic
817 340 973 381 Verres
999 340 1280 381 hereditatem
1310 341 1392 382 sibi
1418 351 1461 382 62

0 438 3 448 ,
59 399 224 441 venisse
251 399 488 441 arbitratus
516 402 591 453 est,
624 399 736 453 quod
762 399 806 440 in
833 399 922 440 eius
948 413 1127 453 regnum
1161 414 1209 440 ac
1240 414 1392 440 manus

59 460 234 499 venerat
268 458 323 511 is,
362 472 486 512 quem
518 457 599 499 iste
633 461 674 498 et
707 457 899 499 audierat
931 458 1068 498 multa
1100 471 1393 512 seeumprae-

60 517 176 558 clara
213 516 371 558 habere
410 520 453 558 et
485 516 794 570 suspicabatur.
850 516 990 557 Mittit
1020 516 1184 558 homini
1216 531 1394 558 munera

23 585 39 610 5
60 575 165 616 satis
192 575 314 629 large
339 575 444 617 haec
470 575 523 616 ad
548 589 671 615 usum
705 574 1002 616 domesticum:
1034 575 1129 628 olei,
1160 575 1248 616 vini
1281 576 1393 629 quod

59 634 198 675 visum
231 637 315 687 est,
351 634 483 675 etiam
514 633 646 674 tritici
680 633 792 687 quod
824 633 929 674 satis
963 636 1091 687 esset,
1125 633 1174 674 de
1208 634 1294 675 suis
1328 634 1393 675 de-

59 693 206 734 cumis.
262 692 425 733 Deinde
458 692 599 746 ipsum
632 706 776 747 regem
810 692 861 733 ad
894 706 1041 733 cenam
1072 693 1254 734 vocavit.
1309 692 1394 734 Ex-

13 775 17 779 -
60 754 185 792 ornat
206 751 346 804 ample
369 751 677 805 magnificeque
697 750 948 804 triclinium3
969 751 1144 805 exponit
1164 766 1224 804 ea,
1240 752 1393 805 quibus

59 809 323 862 abundabat,
350 809 559 863 plurima
608 811 650 850 et
692 808 982 863 pulcherrima
1023 824 1127 851 vasa
1172 813 1394 865 argentea,

8 882 40 907 10
58 883 159 909 nam
175 868 291 909 haec
318 882 446 909 aurea
471 868 658 910 nondum
686 867 863 921 fecerat3
896 868 1093 909 omnibus
1120 872 1241 910 curat
1266 869 1393 910 rebus

58 927 317 969 instructum
339 929 382 967 et
406 929 606 981 paratum
632 929 680 967 ut
706 927 763 967 sit
789 926 1041 968 convivium.
1092 926 1202 976 Quid
1228 928 1394 969 multa?

0 1025 3 1028 ,
59 1000 132 1027 rex
170 986 233 1027 ita
271 986 483 1038 discessit,
520 988 570 1026 ut
605 989 652 1028 et
674 985 809 1026 istum
842 985 1011 1040 copiose
1044 989 1244 1028 ornatum
1276 989 1319 1028 et
1351 1001 1394 1027 se

58 1045 291 1086 honorifice
342 1047 562 1098 acceptum
607 1044 901 1085 arbitraretur.
967 1044 1106 1086 Vocat
1150 1045 1203 1086 ad
1247 1060 1394 1088 cenam

60 1103 208 1144 deinde
251 1103 343 1158 ipse
387 1105 648 1157 praetorem3
693 1103 867 1158 exponit
911 1117 1009 1145 suas
1055 1103 1198 1158 copias
1244 1105 1396 1158 omnis,

60 1162 242 1203 multum
282 1165 542 1218 argentum,-
565 1176 651 1203 non
682 1176 817 1216 pauca
849 1162 977 1203 etiam
1010 1163 1165 1216 pocula
1197 1178 1248 1204 ex
1280 1178 1396 1216 auro,

61 1235 180 1275 quae,
210 1223 260 1262 ut
286 1235 379 1262 mos
406 1223 471 1262 est
501 1221 644 1276 regius
678 1224 720 1262 et
751 1221 934 1262 maxime
966 1221 1011 1262 in
1043 1219 1179 1275 Syria,
1214 1222 1395 1277 gemmis

60 1283 183 1320 erant
208 1279 410 1321 distincta
442 1279 703 1321 clarissimis.
760 1278 868 1320 Erat
901 1279 1030 1321 etiam
1062 1294 1138 1321 vas
1170 1280 1395 1335 vinarium,

60 1353 110 1379 ex
153 1340 238 1380 una
282 1352 453 1393 gemma
489 1338 720 1393 pergrandi
758 1339 891 1379 trulla
929 1341 1133 1380 excavata
1169 1339 1395 1381 manubrio

60 1411 206 1451 aureo,
252 1397 300 1438 de
340 1411 440 1451 qua,
484 1397 626 1450 credo,
671 1397 776 1438 satis
814 1397 1032 1451 idoneum,
1077 1398 1181 1438 satis
1220 1412 1395 1453 gravem

59 1458 227 1509 testem,
253 1455 300 1504 Q.
320 1455 565 1509 Minucium,
592 1456 728 1497 dicere
755 1456 946 1497 audistis,
996 1456 1082 1497 Iste
1109 1471 1239 1498 unum
1268 1457 1395 1511 quod·
1422 1465 1465 1496 63

26 1567 28 1570 y
61 1529 140 1569 que
161 1528 236 1555 vas
256 1514 301 1555 in
320 1529 472 1555 manus
494 1510 671 1567 sumere,
690 1515 877 1567 laudare,
897 1515 1056 1556 mirari.
1100 1514 1191 1556 Rex
1212 1516 1396 1570 gaudere

59 1572 262 1628 praetori*
293 1570 442 1628 populi
486 1573 688 1618 Romani,
714 1573 820 1614 satis
863 1573 1092 1615 iucundum
1138 1577 1180 1615 et
1225 1577 1396 1630 gratum

59 1632 167 1673 illud
194 1646 285 1673 esse
312 1632 564 1673 convivium.
615 1632 902 1686 Posteaquam
928 1632 1025 1673 inde
1053 1633 1287 1675 discessum
1319 1637 1397 1686 est,

61 1691 252 1746 cogitare
278 1690 386 1731 nihil
413 1691 495 1732 iste
522 1690 649 1744 aliud,
683 1691 795 1745 quod
820 1691 924 1745 ipsa,
940 1705 1008 1732 res
1035 1691 1281 1746 declaravit,
1312 1692 1397 1733 nisi

62 1764 187 1804 quem
231 1749 285 1791 ad
321 1749 494 1791 modum
532 1763 677 1805 regem
717 1764 765 1790 ex
801 1750 1021 1804 provincia
1058 1750 1291 1805 spoliatum
1331 1765 1397 1792 ex-

60 1808 327 1863 pilatumque
354 1808 601 1849 dimitteret.
657 1808 796 1859 Mittit
827 1812 1029 1864 rogatum
1061 1823 1165 1850 vasa
1198 1824 1258 1863 ea,
1291 1824 1397 1864 quae

61 1867 352 1920 pulcherrima
372 1867 483 1922 apud
504 1882 600 1908 eum
626 1867 811 1923 viderat3
838 1867 898 1908 ait
924 1882 968 1908 se
996 1867 1083 1909 suis
1110 1869 1397 1910 caelatoribus

60 1926 171 1967 velle
199 1926 433 1978 ostendere.
489 1925 592 1980 Reiz,
625 1926 697 1980 qui
722 1927 847 1967 illum
878 1941 965 1968 non
994 1932 1153 1981 nosset,
1186 1927 1276 1968 sine
1308 1928 1398 1969 ulla

62 1984 301 2039 suspicione
344 1984 629 2026 libentissime
675 1985 800 2026 dedit.
867 1984 1005 2026 Mittit
1049 1986 1179 2027 etiam
1220 1986 1397 2027 trullam

63 2057 303 2098 gemmeam
334 2039 554 2099 rog'atum3
589 2044 700 2084 velle
732 2058 776 2085 se
809 2058 902 2085 eam
930 2044 1178 2100 diligentius
1211 2045 1398 2086 conside-

27 2150 32 2156 .
59 2116 166 2144 rare.
222 2101 288 2143 Ea
321 2117 488 2156 quoque
520 2102 558 2144 ei
590 2102 788 2144 mittitur.
1412 2136 1466 2177 28

149 2160 274 2203 Nunc
306 2161 537 2215 reliquum,
574 2161 751 2215 iudices,
789 2161 1014 2216 attendite,
1048 2162 1097 2203 de
1130 2176 1213 2216 quo
1247 2164 1289 2203 et
1320 2177 1396 2203 vos
1424 2188 1467 2219 64

62 2219 241 2261 audistis
268 2223 311 2261 et
336 2220 520 2274 populus
545 2220 764 2261 Romanus
790 2235 877 2261 non
901 2235 1013 2262 nunc
1038 2221 1223 2275 primum
1254 2221 1397 2262 audiet

61 2280 104 2320 et
132 2278 178 2319 in
210 2279 365 2320 exteris
397 2278 645 2320 nationibus
677 2293 811 2333 usque
844 2278 897 2320 ad
928 2279 1103 2321 ultimas
1135 2282 1273 2321 terras
1306 2294 1397 2334 per-

25 2346 41 2373 5
59 2340 265 2392 vagatum
288 2340 364 2379 est.
410 2336 726 2380 Candelabrum
748 2352 769 2379 e
790 2338 971 2393 gemmis
994 2338 1244 2379 clarissimis
1270 2353 1397 2393 opere

59 2396 248 2437 mirabili
285 2396 522 2451 perfectum
559 2411 681 2452 reges
713 2396 760 2450 ii,
800 2411 906 2451 quos
939 2397 1049 2451 dico,
1086 2397 1269 2438 Romam
1300 2412 1396 2439 cum

11 2453 13 2457 ’
60 2454 326 2510 attulissent,
370 2458 419 2496 ut
456 2455 500 2496 in
536 2454 750 2510 Capitolio
788 2459 1013 2511 ponerent,
1058 2456 1170 2510 quod
1206 2456 1395 2498 nondum
