1618 2584
401 221 489 256 ΜΒ,
517 222 566 256 111
608 222 709 260 CAP.
738 227 875 257 12—14
901 226 919 264 g
946 226 1096 257 31—37.
1336 222 1420 263 283

81 318 251 374 possit?
308 316 429 359 ‘Non
455 318 617 358 malum
651 317 750 372 est’,
780 318 938 372 inquit,
971 317 1084 358 ‘esse
1116 317 1246 358 istam
1276 316 1420 358 formi-

80 378 241 430 dinem,
281 378 346 430 ut,
385 390 481 417 cum
523 378 719 429 exactum
759 376 815 417 sit
853 377 906 418 ab
943 378 1131 429 aratore,
1168 378 1332 429 tamen,
1369 390 1422 416 ne

80 450 125 477 se
158 437 446 488 commoveat,
478 435 667 489 reliquus
700 437 840 476 metus
872 435 1016 476 iudicii
1048 434 1132 476 sit.'
1189 433 1234 475 Si
1264 434 1419 476 iudicio

80 494 144 535 vis
184 508 208 534 a
248 508 315 534 me
354 493 541 547 exigere,
585 508 756 535 remove
789 492 979 535 Siculum
1017 493 1339 548 magistratum3
1385 492 1421 533 si

44 564 60 589 5
79 552 190 594 hanc
216 552 304 593 vim
331 551 521 605 adhibes,
554 552 655 606 quid
682 566 788 606 opus
822 555 887 593 est
918 552 1104 594 iudicio?
1155 550 1258 600 Quis
1291 565 1419 605 porro

79 610 172 664 erit,
200 610 303 664 quin
322 611 449 651 malit
475 610 718 652 decumanis
744 610 830 651 tuis
858 611 969 665 dare,
996 611 1109 665 quod
1133 609 1420 665 poposcerint,

78 683 208 723 quam
242 669 295 710 ab
329 668 538 710 adseculis
571 668 656 709 tuis
690 669 929 723 quadruplo
962 668 1265 711 condemnari?

165 727 249 768 Illa
286 741 388 768 vero
426 727 649 781 praeclara
682 729 747 768 est
779 728 972 769 clausula
1005 727 1150 782 edicti,
1188 727 1302 781 quod
1334 741 1420 768 0111-
1437 715 1491 755 14

76 786 196 827 nium
226 785 635 839 controversiarum,
668 800 775 839 quae
809 788 952 827 essent
983 786 1096 828 inter
1128 789 1346 828 aratorem
1378 787 1421 826 et

27 856 58 881 ιο
78 844 379 897 decumanum,
412 844 449 885 si
474 846 569 885 uter
601 844 724 897 velit,
757 844 884 886 edicit
918 859 962 886 se
994 847 1317 899 recuperatores
1351 844 1421 885 da—

76 905 233 944 turum.
294 902 487 943 Primum
527 917 634 956 quae
672 905 817 956 potest
850 917 943 944 esse
976 903 1287 955 controversia,
1325 917 1421 944 cum

78 962 132 1014 is,
166 961 239 1015 qui
262 963 409 1016 petere
436 961 580 1014 debet,
613 961 770 1015 aufert,
803 964 846 1002 et
878 976 974 1003 cum
1005 962 1060 1016 is,
1092 976 1179 1003 non
1212 964 1421 1015 quantum

77 1020 272 1074 debetur,
322 1020 397 1061 sed
441 1023 648 1074 quantuni
693 1020 965 1061 commodum
1010 1024 1092 1074 est,
1143 1019 1302 1073 aufert,
1346 1020 1420 1060 ille

78 1082 238 1132 autem,
281 1079 392 1120 unde
438 1079 632 1120 ablatum
678 1082 761 1132 est,
804 1079 960 1120 iudicio
1003 1093 1126 1120 suum
1168 1092 1420 1133 recuperare

26 1147 58 1173 15
77 1138 197 1179 nullo
219 1137 345 1179 modo
372 1137 546 1192 potest?
596 1137 761 1179 Deinde
786 1137 832 1179 in
855 1138 937 1179 hoc
962 1138 1092 1179 homo
1119 1138 1261 1178 luteus
1289 1137 1421 1178 etiam

76 1195 256 1238 callidus
295 1211 344 1238 ac
382 1198 599 1237 veterator
637 1210 729 1237 esse
767 1197 880 1250 vult,
919 1197 1033 1250 quod
1069 1197 1133 1237 ita
1165 1195 1332 1237 scribit:
1373 1193 1420 1236 SI

76 1266 199 1296 UTER
240 1265 413 1308 VOLET,
455 1266 845 1297 RECUPERATORES
890 1267 1027 1297 DABo.
1098 1254 1236 1303 Quam
1280 1254 1420 1306 lepide

78 1328 122 1355 se
152 1312 290 1355 furari
320 1314 465 1368 putat!
509 1313 680 1367 utrique
711 1313 818 1355 facit
849 1316 1130 1368 potestatem,
1170 1313 1243 1354 sed
1275 1315 1421 1353 utrum

76 1372 140 1413 ita
165 1372 404 1426 scripserit:
438 1371 490 1413 ‘si
515 1375 611 1413 uter
636 1371 767 1414 volet’
796 1387 867 1413 an:
901 1372 954 1414 ‘si
983 1372 1242 1414 decumanus
1274 1370 1421 1423 volet’‚

26 1441 59 1465 20
76 1431 186 1472 nihil
229 1431 428 1484 interest3
473 1433 619 1472 arator
664 1431 776 1472 enim
814 1434 912 1473 tuos
949 1431 1058 1473 istos
1096 1432 1419 1485 recuperatores

76 1504 313 1543 numquam
344 1489 474 1531 volet.

167 1547 305 1596 Quid?
349 1548 428 1588 illa
459 1548 577 1589 cuius
610 1547 726 1589 modi
759 1551 875 1602 sunt,
915 1562 1022 1602 quae
1056 1563 1106 1589 ex
1137 1550 1332 1601 tempore
1366 1547 1419 1587 ab

76 1606 271 1662 Apronio
305 1606 548 1647 admonitus
582 1606 741 1647 edixit?
804 1606 851 1655 Q.
878 1605 1083 1661 Septicio,
1114 1605 1420 1647 honestissimo

78 1665 220 1720 equite
258 1664 473 1719 Romano,
517 1665 745 1706 resistente
777 1664 970 1719 Apronio
1011 1668 1053 1707 et
1092 1665 1337 1706 affirmante
1376 1678 1420 1705 se

25 1734 58 1760 25
78 1724 174 1778 plus
202 1724 378 1765 decuma
406 1738 493 1765 non
521 1723 733 1777 daturum,
766 1724 956 1765 exoritur
987 1724 1202 1778 peculiare
1235 1723 1421 1764 edictum

78 1782 366 1837 repentinum,
397 1797 457 1824 ne
484 1782 596 1836 quis
622 1782 935 1824 frumentum
968 1783 1023 1824 de
1056 1797 1173 1824 area
1204 1782 1421 1823 tolleret

78 1843 214 1895 ante,
247 1856 393 1895 quam
426 1856 534 1883 cum
567 1841 841 1882 decumano
874 1844 1055 1896 pactus
1089 1843 1236 1883 esset.
1298 1839 1420 1881 Fere-

78 1900 155 1941 bat
191 1899 304 1942 hanc
343 1914 510 1954 quoque
549 1900 823 1954 iniquitatem
857 1898 1069 1955 Septicius
1102 1903 1145 1941 et
1175 1899 1305 1941 imbri
1336 1898 1421 1940 fru-

78 1961 271 2000 mentum
297 1958 513 2013 corrumpi
544 1958 590 2000 in
621 1973 720 2000 area
752 1960 1011 2014 patiebatur,
1043 1974 1139 2001 cum
1170 1958 1279 2000 illud
1312 1957 1421 1999 edic-

27 2028 61 2053 30
79 2019 173 2058 tum
198 2020 374 2072 repente
399 2017 663 2058 uberrimum
691 2022 734 2059 et
762 2018 1193 2072 quaestuosissimum
1218 2017 1420 2069 nascitur7

77 2078 132 2117 ut
172 2079 288 2117 ante
323 2075 584 2117 Kalendas
623 2074 840 2118 Sextilis
880 2091 1049 2118 omnes
1089 2077 1321 2119 decumas
1362 2075 1421 2116 ad

79 2149 257 2188 aquam
312 2134 616 2189 deportatas
665 2135 928 2176 haberent.
1001 2135 1096 2177 Hoc
1147 2135 1284 2176 edicto
1334 2148 1420 2175 non

79 2191 211 2234 Siculi
238 2192 357 2248 (nam
383 2208 456 2235 eos
483 2194 654 2247 quidem
684 2194 975 2249 superioribus
1009 2194 1158 2236 edictis
1192 2193 1297 2235 satis
1330 2208 1419 2246 per-

81 2251 246 2294 diderat
273 2254 402 2306 atque
429 2249 675 2308 afflixerat),
707 2252 780 2293 sed
811 2252 886 2294 isti
917 2253 1002 2307 ipsi
1033 2252 1198 2307 equites
1223 2252 1420 2305 Romani,

27 2319 60 2345 35
82 2310 153 2364 (1111
179 2325 303 2352 31111111
328 2311 394 2352 1113
420 2311 605 2352 retinere
632 2325 676 2352 se
703 2314 852 2353 contra
872 2311 1113 2366 Apronium
1138 2326 1265 2365 posse
1298 2314 1420 2353 erant

81 2369 299 2424 arbitrati,
337 2370 550 2424 splendidi
584 2369 780 2411 homines
813 2373 856 2411 et
888 2370 984 2411 aliis
1017 2370 1291 2425 praetoribus
1324 2385 1419 2426 gra-

79 2426 196 2479 tiosi,
241 2428 374 2471 vincti
417 2428 611 2484 Apronio
655 2429 805 2470 traditi
849 2432 959 2471 sunt.
1027 2429 1250 2471 Attendite
1296 2430 1420 2483 enim⁷

1447 766 1491 796 35

1447 1562 1491 1593 36

1446 2148 1490 2180 37
