1618 2584
168 113 224 155 70
387 115 480 149 PRO
509 114 608 149 SEX.
637 113 808 149 ROSCIO
835 114 1058 149 AMERINO
1087 114 1265 149 ORATIO

166 225 278 261 num,
317 226 414 253 cum
453 211 503 252 de
542 211 623 251 hoc
657 211 896 264 quaeritur3
932 225 1009 252 vos
1043 211 1155 252 enim
1188 211 1383 253 dominos
1421 225 1512 254 esse

168 269 320 311 dicitis.
349 295 402 299 ——
430 269 539 312 Cum
563 268 845 324 Chrysogono
873 272 983 310 sunt.
1015 294 1066 298 —
1091 270 1160 311 Ita
1186 270 1329 324 cred03
1355 270 1513 312 litteris

168 343 315 370 eorum
355 332 398 370 et
444 328 691 369 urbanitate
730 328 1037 384 Chrysogonus
1083 328 1268 381 ducitur,
1312 331 1359 370 ut
1402 329 1514 370 inter

169 402 268 429 suos
302 387 492 429 omnium
525 387 774 428 deliciarum
807 390 935 441 atque
963 387 1153 428 omnium
1182 388 1339 428 artium
1366 402 1514 442 pueru-

168 447 234 488 los
268 461 317 488 ex
350 449 417 488 tot
450 446 784 502 elegantissimis
816 446 994 487 familiis
1026 447 1162 488 lectos
1190 446 1294 487 velit
1320 446 1399 488 hos
1426 461 1514 488 ver·
1533 464 1547 490 5

170 506 275 557 sari,
307 505 503 547 homines
535 520 670 560 paene
704 505 936 560 operarios,
969 520 1018 546 ex
1050 505 1258 546 Amerina
1290 505 1515 560 disciplina

100 577 164 607 121
193 564 331 619 patris
371 563 563 606 familiae
600 564 820 606 rusticani.
882 563 981 605 Non
1018 564 1081 605 ita
1113 567 1178 605 est
1210 563 1420 618 profecto,
1457 564 1516 606 iu-

169 623 300 677 dices3
343 637 430 664 non
475 626 540 664 est
582 623 672 665 veri
717 623 873 677 simile,
915 626 963 664 ut
1008 621 1314 678 Chrysogonus
1362 623 1516 664 horum

168 682 339 723 litteras
367 682 580 724 adamarit
607 684 681 724 aut
706 682 1035 736 humanitatem,
1060 697 1147 723 non
1174 684 1221 722 ut
1247 682 1309 722 rei
1334 681 1516 723 familia-

168 741 228 782 ris
260 741 435 796 negotio
469 741 739 797 diligentiam
773 741 969 797 cognorit
1001 755 1147 782 eorum
1182 743 1224 782 et
1255 741 1394 782 fidem.
1435 740 1516 782 Est
1535 758 1564 784 1ο

169 799 390 854 quiddam,
435 800 549 854 quod
594 800 851 854 occultatur,
903 800 1015 854 quod
1057 814 1140 854 quo
1186 799 1418 841 studiosius
1463 800 1515 842 ab

194 858 288 900 istis
323 859 582 914 opprimitur
616 862 658 901 et
690 859 983 913 absconditur,
1024 874 1072 900 eo
1106 859 1245 914 magis
1284 859 1443 900 eminet
1476 862 1516 900 et

99 907 165 988 ᾗῇ
195 921 386 973 apparet.
449 918 559 967 Quid
592 919 753 974 igitur?
817 917 1126 972 Chrysogonus
1160 917 1279 958 suine
1318 918 1516 960 maleficii

125 980 165 989 ⁸*
194 977 438 1019 occultandi
471 992 600 1019 causa
625 977 920 1032 quaestionem
948 977 997 1018 de
1024 977 1076 1018 iis
1102 976 1253 1018 haberi
1282 991 1369 1018 non
1394 977 1516 1019 vult?

166 1035 363 1090 Minime,
402 1036 579 1090 iudices3
616 1051 702 1079 non
740 1037 783 1077 in
823 1050 969 1078 omnes
1013 1035 1201 1077 arbitror
1240 1035 1384 1077 omnia
1423 1051 1515 1077 con·
1534 1053 1561 1080 15

167 1095 325 1137 venire.
374 1094 470 1150 Ego
498 1096 541 1136 in
563 1095 863 1150 Chrysogono,
896 1095 1009 1149 quod
1036 1095 1089 1136 ad
1115 1109 1181 1136 me
1209 1094 1377 1146 attinet,
1408 1095 1516 1136 nihil

168 1154 258 1195 eius
291 1155 406 1196 modi
439 1155 650 1209 suspicor3
691 1169 828 1208 neque
860 1154 942 1196 hoc
973 1154 1080 1195 mihi
1111 1168 1224 1195 nunc
1255 1154 1442 1208 primum
1473 1154 1517 1195 in

167 1215 356 1254 mentem
399 1214 517 1254 venit
550 1214 698 1255 dicere.
761 1213 1019 1254 Meministis
1053 1227 1118 1254 me
1151 1213 1213 1254 ita
1246 1212 1515 1254 distribuisse

167 1272 290 1313 initio
322 1287 512 1313 causam:
545 1273 590 1313 in
616 1273 789 1326 crimen,
817 1272 934 1313 cuius
962 1274 1055 1313 tota
1082 1272 1400 1327 argumentatio
1427 1286 1517 1326 per·
1604 1293 1605 1300 1

166 1331 299 1372 missa
323 1331 480 1373 Erucio
513 1334 590 1386 est,
622 1334 665 1372 et
695 1332 740 1372 in
769 1331 1002 1385 audaciam,
1034 1331 1152 1372 cuius
1178 1333 1323 1385 partes
1350 1330 1515 1372 Rosciis
1533 1347 1562 1374 20
1611 1340 1618 1373 :³

166 1390 395 1444 impositae
446 1393 556 1431 sunt.
625 1389 834 1444 Quicquid
878 1389 1095 1442 maleficii,
1142 1389 1332 1443 sceleris,
1377 1389 1514 1432 caedis

167 1449 267 1503 erit,
306 1449 530 1504 proprium
568 1449 610 1490 id
649 1449 903 1490 Rosciorum
943 1463 1034 1490 esse
1075 1448 1258 1490 debebit.
1326 1448 1516 1490 Nimiam

167 1507 354 1563 gratiam
397 1508 722 1563 potentiamque
764 1507 1037 1563 Chrysogoni
1082 1507 1260 1549 dicimus
1305 1510 1348 1549 et
1391 1507 1514 1549 nobis

167 1567 341 1608 obstare
392 1569 435 1608 et
485 1567 666 1622 perferri
718 1567 839 1608 nullo
885 1567 1010 1608 modo
1056 1581 1183 1622 posse
1228 1569 1270 1608 et
1315 1582 1339 1608 a
1382 1567 1515 1621 vobis,

168 1627 371 1680 quoniam
397 1628 591 1682 potestas
619 1626 720 1667 data
746 1629 824 1679 est,
849 1640 935 1667 non
961 1626 1088 1667 modo
1115 1626 1336 1679 infirmari,
1369 1640 1515 1667 verum
1532 1642 1559 1669 25
1606 1628 1618 1653 '⁵³

99 1699 163 1729 1⁶23
191 1685 322 1726 etiam
351 1685 559 1726 vindicari
586 1687 796 1740 oportere.
840 1684 936 1740 Ego
958 1685 1018 1726 sic
1039 1685 1250 1739 existimo,
1278 1685 1350 1739 qui
1372 1685 1515 1739 quaeri

166 1744 272 1785 velit
311 1759 361 1785 ex
392 1743 463 1797 iis,
503 1758 609 1798 quos
643 1745 830 1797 constat,
871 1759 965 1785 cum
999 1743 1146 1785 caedes
1179 1744 1295 1785 facta
1335 1744 1409 1798 sit,
1449 1743 1516 1785 ad-

165 1802 319 1857 fuisse,
359 1817 455 1844 eum
487 1817 640 1857 cupere
673 1817 820 1844 verum
853 1802 1053 1857 inveniri3
1092 1803 1164 1857 qui
1196 1805 1382 1856 recuset,
1421 1818 1514 1844 eum

166 1861 373 1917 profecto,
406 1861 583 1903 tametsi
616 1862 745 1903 verbo
779 1876 864 1902 non
898 1861 1064 1915 audeat,
1097 1864 1243 1902 tamen
1275 1876 1319 1903 re
1352 1862 1446 1916 ipsa
1467 1862 1513 1903 de

167 1921 377 1962 maleficio
412 1935 487 1962 suo
522 1920 726 1962 confiteri.
789 1920 890 1961 Dixi
922 1920 1064 1974 initio,
1097 1921 1268 1975 iudices,
1300 1921 1416 1962 nolle
1449 1935 1558 1962 111630
1608 1926 1615 1947 11

167 1980 294 2034 plura
327 1980 377 2021 de
409 1980 593 2021 istorum
628 1980 785 2021 scelere
820 1979 968 2033 dicere,
1005 1995 1133 2034 quam
1166 1994 1294 2021 causa
1325 1980 1513 2034 postula·
1586 2007 1589 2023 1

167 2041 234 2079 ret
272 2054 320 2080 ac
357 2039 590 2080 necessitas
629 2039 724 2094 ipsa
762 2041 946 2094 cogeret.
1008 2038 1122 2080 Nam
1162 2041 1204 2080 et
1245 2039 1406 2080 multae
1448 2053 1512 2080 res

168 2097 327 2139 adferri
364 2100 566 2152 possunt,
611 2100 653 2139 et
690 2112 776 2139 una
814 2111 1005 2152 quaeque
1045 2112 1191 2139 earum
1227 2098 1374 2139 multis
1420 2112 1512 2139 cum

168 2157 435 2212 argumentis
470 2157 551 2199 dici
582 2159 739 2212 potest.
794 2156 956 2199 Verum
990 2171 1087 2212 ego,
1129 2157 1242 2211 quod
1273 2157 1434 2198 invitus
1467 2170 1513 2197 ac

166 2216 406 2258 necessario
451 2216 581 2270 facio,
625 2231 762 2270 neque
809 2216 880 2257 diu
923 2230 1059 2270 neque
1104 2215 1334 2271 diligenter
1375 2215 1611 2276 facere³5f3

166 2289 355 2329 possum.
433 2275 549 2324 Quae
593 2275 819 2330 praeteriri
862 2275 980 2316 nullo
1026 2274 1151 2316 modo
1196 2277 1415 2330 pcterant,
1465 2288 1512 2315 ea

167 2333 332 2387 leviter,
363 2333 536 2387 iudices,
569 2334 710 2389 attigi,
743 2349 850 2388 quae
882 2333 1024 2388 posita
1056 2336 1154 2374 sunt
1186 2333 1231 2374 in
1264 2332 1511 2388 suspicioni-

1578 2326 1581 2348 !
1617 2336 1618 2339 ,
