1618 2584
405 237 494 271 LIB.
522 237 571 272 IV
615 237 714 272 CAP.
741 241 879 272 41—43
906 241 925 280 ξ
951 241 1100 273 89-94,
1340 239 1426 281 403

88 333 258 388 publice
289 333 483 388 legatum
510 332 697 374 Poleam.
751 332 889 381 Quid?
920 333 958 374 is
990 333 1063 375 ubi
1096 334 1190 375 est?
1246 334 1426 377 Praesto

89 395 166 445 est,
197 391 322 433 testis
350 394 427 432 est.
477 390 687 446 Proagori
714 390 888 447 Sopatri
912 392 1043 433 iussu.
1094 390 1197 440 Quis
1231 395 1296 433 est
1328 393 1426 434 hic‘?

88 449 169 498 Qui
214 450 267 491 ad
310 453 500 491 statuam
545 450 775 492 adstrictus
821 452 897 491 est.
960 450 1098 499 Quid?
1142 450 1179 492 is
1220 451 1294 492 ubi
1332 451 1426 492 est?

87 508 270 550 Vidistis
309 509 527 550 hominem
566 511 608 549 et
643 509 777 550 verba
816 508 904 550 eius
937 508 1129 550 audistis.
1184 508 1427 551 Demolien-

52 567 189 608 adum
233 567 398 609 curavit
441 567 685 608 Demetrius
731 567 1106 623 gymnasiarchus,
1151 568 1265 622 quod
1307 568 1344 610 is
1390 568 1428 609 ei

0 621 1 630 ¹
87 626 182 668 loco
220 629 428 681 praeerat.
490 625 628 674 Quid?
666 626 748 667 hoc
778 640 857 668 nos
891 626 1098 668 dicimus?
1153 625 1293 669 Immo
1325 640 1427 668 vero

87 684 179 739 ipse
208 699 423 740 praesens.
478 684 642 726 Romae
674 699 809 738 nuper
840 684 982 739 ipsum
1014 685 1147 727 istum
1180 699 1272 727 esse
1303 685 1428 740 polli-

88 744 220 785 citum
260 757 352 784 sese
383 742 427 784 id
459 743 630 798 signum
662 743 820 798 legatis
852 743 1136 797 redditurum,
1175 743 1212 785 si
1245 743 1334 785 eius
1366 744 1429 786 rei

89 802 334 843 testificatio
354 801 583 843 tolleretur
608 804 864 856 cautumque
892 804 1005 843 esset
1031 816 1103 844 eos
1129 802 1428 844 testimonium

37 871 69 896 ¹0
87 874 174 902 non
206 874 298 902 esse
331 859 520 901 dicturos
554 884 608 889 —
642 860 748 901 dixit
780 861 861 902 hoc
894 860 1006 915 apud
1037 874 1114 902 vos
1143 860 1353 915 Zosippus
1386 864 1429 902 et

89 918 312 970 Ismenias,
356 918 551 960 homines
589 919 850 960 nobilissimi
889 922 932 959 et
968 919 1183 974 principes
1222 919 1427 973 Tyndari-

88 980 215 1019 tanae
247 977 449 1019 civitatis.

179 1035 317 1085 Quid?
349 1035 593 1091 Agrigento
613 1050 754 1077 nonne
775 1036 964 1077 eiusdem
984 1036 1030 1077 P.
1046 1035 1256 1091 Scipionis
1282 1018 1499 1102 11101111-ξὲ

89 1097 300 1147 mentum,
350 1094 523 1150 signum
560 1094 780 1149 Apollinis
824 1094 1176 1148 pulcherrimum,
1226 1095 1344 1137 cuius
1384 1095 1430 1136 in

39 1163 69 1189 1⁵
87 1153 250 1195 femore
276 1153 435 1194 litteris
466 1153 643 1194 minutis
676 1153 892 1208 argenteis
924 1168 1081 1194 nomen
1111 1153 1303 1208 Myronis
1337 1157 1431 1195 erat

87 1212 355 1267 inscriptum,
382 1226 432 1252 ex
446 1211 678 1265 Aesculapi
703 1211 1031 1266 religiosissimo
1057 1211 1158 1253 fano
1186 1212 1429 1254 sustulisti?

88 1270 211 1319 Quod
249 1270 437 1325 quidem,
480 1270 658 1323 iudices,
702 1285 798 1311 cum
835 1270 918 1311 iste
956 1271 1068 1312 clam
1104 1270 1295 1325 fecisset,
1333 1286 1430 1313 cum

89 1330 142 1370 ad
187 1343 310 1370 suum
355 1328 494 1370 scelus
537 1328 646 1369 illud
682 1328 931 1383 furtumque
969 1328 1182 1371 nefarium
1222 1330 1430 1384 quosdam

87 1387 283 1430 homines
321 1387 543 1442 improbos
579 1387 704 1429 duces
739 1390 866 1441 atque
900 1387 1117 1429 adiutores
1151 1387 1430 1441 adhibuisset,

35 1458 69 1483 20
88 1447 363 1488 vehementer
395 1448 612 1487 commota
644 1446 795 1487 civitas
829 1448 905 1487 est.
958 1444 1056 1487 Uno
1089 1446 1202 1488 enim
1235 1449 1429 1502 tempore

88 1504 367 1561 Agrigentini
404 1505 657 1546 beneficium
690 1504 902 1558 Africani,
939 1504 1195 1560 religionem
1228 1505 1428 1547 domesti-

88 1579 200 1618 cam,
250 1566 551 1606 ornamentum
601 1563 738 1616 urbis,
787 1563 991 1605 indicium
1035 1563 1260 1617 victoriae,
1309 1565 1429 1606 testi-

88 1623 280 1665 monium
324 1622 544 1664 societatis
589 1621 877 1676 requirebant.
944 1621 1097 1676 Itaque
1142 1622 1195 1663 ab
1240 1622 1312 1677 iis,
1356 1623 1429 1677 qui

86 1681 301 1737 principes
328 1681 373 1722 in
399 1695 448 1722 ea
474 1680 648 1722 civitate
676 1683 810 1733 erant,
842 1680 1105 1735 praecipitur
1131 1683 1174 1722 et
1205 1681 1428 1736 negotium

35 1751 67 1776 25
89 1740 215 1782 datur
242 1740 541 1794 quaestoribus
569 1742 611 1780 et
637 1739 860 1793 aedilibus,
891 1741 939 1780 ut
964 1741 1094 1780 noctu
1127 1739 1299 1795 vigilias
1333 1755 1428 1796 age-

87 1801 184 1840 rent
222 1798 275 1840 ad
313 1798 429 1840 aedis
468 1813 624 1840 sacras.
685 1797 858 1839 Etenim
895 1797 977 1838 iste
1012 1797 1246 1852 Agrigenti
1283 1796 1427 1853 (credo

87 1860 263 1913 propter
282 1857 602 1898 multitudinem
622 1856 798 1898 illorum
818 1856 1041 1898 hominum
1056 1834 1191 1910 ειὴεῗ110
1210 1857 1276 1898 vir
1279 1859 1428 1912 tutem,

88 1919 131 1958 et
162 1916 276 1982 quod
307 1916 419 1957 cives
445 1915 642 1969 Romani,
673 1915 755 1956 viri
787 1915 922 1956 fortes
956 1917 1085 1970 atque
1117 1914 1301 1970 honesti,
1333 1931 1426 1970 per-

87 1975 214 2016 multi
250 1975 296 2016 in
329 1974 406 2016 illo
440 1974 597 2029 oppido
630 1974 982 2016 coniunctissimo
1016 1974 1159 2015 animo
1192 1989 1289 2016 cum
1320 1974 1426 2030 ipsis

35 2043 69 2071 3⁰
87 2033 386 2090 Agrigentinis
407 2033 556 2074 vivunt
577 2047 625 2074 ac
644 2031 941 2088 negotiantur)
961 2047 1048 2074 non
1069 2032 1255 2073 audebat
1280 2034 1427 2088 palam

87 2107 260 2147 poscere
282 2094 356 2133 aut
378 2092 543 2145 tollere,
571 2106 678 2146 quae
704 2091 945 2146 placebant.
989 2090 1187 2132 Herculis
1215 2092 1426 2145 templum
1453 2100 1498 2133 94

88 2154 154 2193 est
180 2151 292 2207 apud
312 2126 624 2206 Agrigentinos
648 2164 735 2191 non
761 2150 889 2205 longe
917 2165 942 2191 a
966 2149 1060 2191 foro
1095 2164 1195 2191 sane
1229 2153 1426 2192 sanctum

88 2210 199 2276 apud
225 2210 325 2251 illos
352 2212 396 2251 et
426 2209 688 2265 religiosum.
739 2208 806 2250 Ibi
839 2210 904 2250 est
936 2223 985 2249 ex
1019 2223 1114 2250 aere
1148 2208 1426 2251 simulacrum

87 2269 221 2324 ipsius
253 2268 464 2322 Herculis,
497 2282 580 2322 quo
611 2282 699 2309 non
729 2267 854 2309 facile
887 2267 1066 2308 dixerim
1099 2268 1326 2322 quicquam
1359 2284 1426 2310 me

35 2337 67 2363 35
87 2327 244 2369 vidisse
282 2327 503 2382 pulchrius
543 2325 740 2382 (tametsi
777 2341 864 2368 non
901 2328 992 2367 tam
1030 2326 1215 2367 multum
1253 2326 1298 2367 in
1328 2327 1425 2368 istis

87 2386 214 2428 rebus
245 2386 474 2442 intellego,
507 2400 635 2440 quam
667 2385 806 2426 multa
837 2384 956 2439 vidi),
987 2399 1121 2439 usque
1155 2399 1222 2438 eo,
1254 2385 1426 2439 iudices,

87 2447 137 2486 ut
172 2445 327 2487 rictum
366 2445 454 2486 eius
495 2459 543 2487 ac
581 2447 773 2486 mentum
811 2444 940 2498 paulo
975 2444 1031 2484 sit
1063 2443 1274 2499 attritius,
1313 2445 1426 2500 quod

1072 2512 1143 2547 26*
