1618 2584
18 872 49 895 10

18 1165 49 1188 15

16 1752 47 1776 25

15 2046 47 2071 30

14 2338 47 2363 35

412 235 498 270 Llss.
527 235 558 269 ΙΙ
611 235 711 269 CAR
734 239 848 269 9—12
875 239 893 277 ξ
920 239 1068 270 25—30.
1323 236 1406 276 209

159 332 252 380 Qua
272 332 321 372 de
342 345 397 384 re,
424 331 593 380 iudices,
621 346 777 385 magno
800 346 925 386 opere
948 331 1071 372 vobis
1098 331 1406 385 providendum
1435 348 1441 352 ·

70 393 152 444 est3
198 391 384 445 pertinet
427 390 508 432 hoc
550 390 600 430 ad
641 405 850 431 summam
889 405 978 431 rem
1017 390 1234 445 publicam
1274 392 1316 431 et
1356 390 1407 431 ad

71 449 433 490 existimationem
482 449 641 490 ordinis
686 449 823 490 nostri
871 449 1138 502 salutemque
1183 448 1406 490 sociorum.

70 507 115 549 Si
159 508 268 549 enim
312 508 558 549 innocentes
597 508 847 548 existumari
885 508 1100 561 volumus,
1143 522 1230 549 non
1267 508 1407 549 solum

70 581 166 619 nos,
210 567 283 608 sed
328 567 457 607 etiam
502 567 678 608 comites
722 569 895 608 nostros
933 569 1154 622 praestare
1193 567 1406 608 debemus.

70 625 261 667 Primum
301 626 491 667 omnium
531 640 659 679 opera
699 625 836 665 danda
874 627 957 678 est,
994 628 1042 667 ut
1080 640 1151 667 eos
1183 626 1406 667 nobiscum

73 685 319 737 educamus,
371 684 443 738 qui
491 686 666 725 nostrae
713 683 853 724 famae
905 685 1119 739 capitique
1169 685 1407 739 consulant,

71 744 236 796 deinde,
276 743 310 784 si
347 743 391 783 in
428 742 673 784 hominibus
713 742 920 795 eligendis
952 758 1029 797 nos
1063 758 1159 798 spes
1193 744 1405 785 amicitiae

69 802 290 855 fefellerit,
322 804 369 842 ut
395 801 674 853 vindicemus,
706 801 861 842 missos
889 801 1114 856 faciamus,
1147 817 1314 857 semper
1345 803 1407 845 ita

71 861 282 913 vivamus,
327 863 374 901 ut
418 860 628 901 rationem
673 860 929 900 reddendam
970 861 1093 902 nobis
1136 862 1407 903 arbitremur.

69 919 264 960 Africani
297 922 362 960 est
394 919 486 970 hoc,
517 919 703 960 hominis
736 919 1030 960 liberalissimi
1063 918 1229 975 (verum
1261 923 1407 962 tamen

70 993 119 1019 ea
145 978 384 1019 liberalitas
419 981 483 1018 est
514 978 748 1032 probanda,
782 992 888 1031 quae
921 978 1010 1019 sine
1042 979 1231 1033 periculo
1266 980 1404 1020 existi·

70 1037 271 1077 mationis
312 1040 394 1089 est,
433 1040 480 1077 ut
516 1037 562 1077 in
597 1037 674 1078 illo
712 1036 813 1090 fuit)
847 1061 903 1065 —
936 1052 1030 1078 cum
1064 1038 1116 1078 ab
1152 1053 1199 1079 eo
1234 1039 1405 1092 quidam
1435 1055 1441 1059 ·

69 1098 191 1136 vetus
231 1098 468 1137 assectator
507 1098 549 1136 et
587 1111 638 1136 ex
674 1110 849 1136 numero
890 1096 1124 1137 amicorum
1159 1111 1245 1137 non
1276 1098 1407 1152 impe-

70 1157 221 1207 traret,
265 1155 329 1195 uti
368 1169 411 1195 se
449 1154 712 1209 praefectum
750 1155 795 1195 in
827 1155 1018 1196 Africam
1058 1155 1245 1207 duceret,
1285 1160 1327 1197 et
1363 1157 1407 1198 id

67 1214 199 1254 ferret
237 1214 434 1254 moleste:
480 1212 654 1266 ςΝοΜἸ.
692 1214 848 1267 inquit,
888 1213 1103 1267 ‘'mirari,
1142 1215 1184 1255 si
1222 1218 1275 1256 tu
1313 1216 1407 1257 hoc

69 1288 93 1312 a
126 1287 197 1313 me
242 1287 340 1313 non
383 1273 641 1326 impetras.
709 1272 816 1327 Ego
860 1272 959 1313 iam
1000 1273 1194 1327 pridem
1234 1274 1293 1315 ab
1333 1289 1407 1328 eo,

69 1331 147 1372 cui
173 1346 329 1372 meam
357 1331 792 1372 existimationem
820 1346 985 1372 caram
1017 1332 1126 1373 fore
1160 1333 1406 1380 arbitror,

68 1392 204 1444 peto,
253 1393 307 1430 ut
356 1405 545 1432 mecum
589 1390 881 1444 praefectus
925 1391 1313 1445 proficiscatur,
1359 1396 1406 1433 et

17 1459 32 1483 2
71 1448 230 1490 adhuc
268 1449 543 1503 impetrare
582 1464 680 1490 non
718 1449 949 1503 possum.’
1011 1449 1185 1491 Etenim
1222 1466 1267 1491 re
1306 1466 1406 1492 vcra

71 1508 205 1548 multo
238 1509 377 1562 magis
411 1511 475 1548 est
506 1508 735 1561 petendum
770 1508 822 1549 ab
855 1508 1119 1563 hominibus,
1154 1509 1190 1550 si
1222 1510 1330 1551 salvi
1364 1514 1406 1551 et

69 1566 239 1606 honesti
261 1580 351 1606 esse
372 1566 582 1619 volumus,
609 1569 656 1607 ut
683 1570 782 1607 eant
807 1567 1031 1608 nobiscum
1056 1568 1101 1608 in
1126 1568 1405 1621 provinciam.

70 1639 199 1678 quam
245 1625 341 1676 [hoc
378 1625 483 1677 illis]
523 1625 568 1665 in
604 1625 798 1666 beneficii
837 1626 929 1666 loco
969 1626 1254 1668 deferendum.
1324 1626 1406 1669 Sed

68 1686 115 1723 tu
154 1698 248 1724 cum
282 1686 323 1724 et
361 1686 458 1725 tuos
492 1684 651 1725 amicos
684 1684 727 1724 in
759 1685 1023 1738 provinciam
1057 1686 1180 1739 quasi
1211 1686 1254 1726 in
1287 1701 1406 1740 prae-

70 1742 166 1782 dam
192 1742 407 1783 invitabas
435 1746 477 1783 et
503 1758 598 1784 cum
624 1743 676 1783 iis
704 1758 751 1783 ac
778 1758 852 1797 per
879 1758 949 1784 eos
976 1744 1238 1798 praedabare
1266 1749 1307 1785 et
1334 1760 1405 1787 eos

67 1801 111 1841 in
143 1801 340 1842 contione
374 1802 511 1842 anulis
546 1802 684 1842 aureis
719 1802 919 1855 donabas,
951 1817 1037 1843 non
1070 1804 1291 1844 statuebas
1325 1804 1406 1845 tibi

66 1874 152 1900 non
174 1860 312 1900 solum
334 1860 383 1901 de
404 1861 501 1914 tuis,
530 1861 601 1901 sed
623 1860 753 1901 etiam
776 1861 824 1901 de
844 1861 1019 1902 illorum
1038 1861 1166 1904 factis
1192 1863 1405 1904 rationem

68 1932 159 1959 esse
191 1919 477 1960 reddendam?

186 1976 292 2018 Cum
347 1978 426 2019 hos
484 1979 567 2019 sibi
623 1981 825 2033 quaest-us
877 1980 1172 2021 constituisset
1222 1996 1403 2035 magnos

68 2038 195 2090 atque
245 2037 396 2077 uberes
447 2052 497 2078 ex
546 2038 597 2078 iis
649 2038 805 2091 causis,
857 2053 961 2092 quas
1008 2038 1100 2093 ipse
1155 2039 1405 2081 instituerat

67 2110 162 2136 cum
218 2095 413 2147 consilio,
469 2096 550 2137 hoc
606 2099 671 2137 est
727 2112 822 2138 cum
873 2111 949 2138 sua
999 2097 1192 2151 cohorte,
1249 2113 1403 2154 cogno-

67 2168 199 2202 scere,
237 2157 329 2195 tum
367 2154 475 2195 illud
511 2155 727 2197 infinitum
767 2170 900 2210 genus
939 2156 1161 2197 invenerat
1197 2157 1250 2197 ad
1281 2157 1402 2198 innu-

66 2213 317 2254 merabilem
359 2214 582 2268 pecuniam
627 2214 949 2268 corripiendam.
1017 2214 1204 2256 Dubium
1242 2216 1402 2257 nemini

67 2274 149 2324 est,
198 2272 300 2326 quin
345 2287 491 2313 omnes
537 2273 726 2313 omnium
770 2274 973 2327 pecuniae
1016 2274 1184 2328 positae
1229 2275 1315 2315 sint
1358 2275 1402 2316 in

68 2344 214 2372 eorum
258 2333 492 2386 potestate,
544 2332 614 2385 qui
659 2332 813 2373 iudicia
858 2332 977 2385 dant,
1027 2335 1069 2373 et
1116 2348 1280 2387 eorum,
1331 2334 1403 2388 qui

65 2387 266 2443 iudicant,
299 2390 402 2444 quin
426 2405 551 2431 nemo
584 2393 776 2431 vestrum
808 2391 946 2444 possit
978 2392 1101 2432 aedes
1135 2406 1244 2445 suas,
1275 2407 1400 2434 nemo

66 2446 259 2502 fundum,
296 2463 421 2490 nemo
454 2449 567 2491 bona
600 2450 742 2504 patria
775 2450 983 2503 obtinere,
1022 2451 1075 2503 si,
1111 2465 1206 2493 cum
1236 2451 1341 2493 haec
1378 2467 1402 2493 a

136 2522 204 2549 010.
225 2524 265 2549 Π.
288 2526 309 2548 1.
1077 2523 1118 2552 14

1425 623 1472 663 ¹21

1431 1989 1473 2018 5130

1422 2219 1472 2259 12
