1618 2584
149 207 232 247 288
546 204 596 239 IN
624 204 661 240 C.
683 203 885 237 VERREM
913 203 1019 239 ACT.
1046 203 1089 238 Π.

148 302 255 343 mihi
282 301 450 342 adfecta
482 301 574 341 visa
606 302 682 351 est,
715 302 763 339 ut
796 313 869 339 eae
901 301 1040 340 terrae
1075 299 1227 353 solent,
1259 299 1304 339 in
1337 299 1491 353 quibus

148 362 309 402 bellum
356 360 556 401 acerbum
602 358 933 411 diuturnumque
972 361 1191 399 versatum
1231 360 1307 399 est.
1377 356 1492 405 Quos

150 434 228 475 ego
256 433 431 472 campos
465 420 591 458 antea
624 417 840 469 collesque
873 416 1156 458 nitidissimos
1190 416 1494 457 viridissimos-

150 494 229 532 que
245 478 457 528 vidissem,
479 477 557 516 lios
572 476 634 516 ita
654 478 848 516 vastatos
870 490 980 516 nunc
1002 490 1050 515 ac
1071 475 1261 516 desertos
1283 476 1492 528 videbam,

148 541 197 577 ut
236 551 338 591 ager
370 536 461 589 ipse
494 535 703 575 cultorem
737 534 977 575 desiderare
1011 549 1059 574 ac
1092 535 1239 588 lugere
1273 534 1492 575 dominum

150 596 375 635 videretur.
444 592 716 633 Herbitensis
763 607 865 647 ager
907 596 949 633 et
988 592 1248 645 Hennensis,
1293 592 1493 647 Murgen-

149 656 277 707 tinus,
298 652 544 704 Assorinus,
570 651 896 704 lmacharensis,
918 651 1202 707 Agyrinensis
1229 651 1292 692 ita
1317 652 1493 692 relictus

150 715 242 752 erat
282 726 331 752 ex
370 711 558 751 maxima
596 713 736 764 parte,
778 713 824 750 ut
861 725 947 751 non
987 711 1126 751 solum
1164 710 1381 765 iugorum,
1421 710 1494 750 sed

150 771 280 810 etiam
297 770 567 810 dominorum
586 769 906 809 multitudinem
928 783 1241 822 quaereremus,
1263 769 1492 809 Aetnensis

149 844 249 870 vero
278 843 392 883 ager,
420 828 493 882 qui
519 828 689 868 solebat
716 842 807 868 esse
834 828 1110 881 cultissimus,
1138 830 1193 882 et,
1226 827 1338 881 quod
1365 831 1493 880 caput

150 891 215 928 est
254 889 312 928 rei
349 886 675 937 frumentariae,
713 901 888 941 campus
921 886 1175 939 Leontinus,
1215 886 1333 927 cuius
1367 890 1494 927 antea

150 946 312 1001 species
346 946 451 987 haec
483 948 592 998 erat,
624 948 689 998 ut,
722 960 817 986 cum
851 945 1041 986 obsitum
1074 945 1266 998 vidisses,
1300 959 1493 986 annonae

150 1006 376 1046 caritatem
414 1018 501 1045 non
533 1018 744 1057 vererere,
785 1004 844 1044 sic
877 1007 968 1045 erat
1001 1003 1203 1045 deformis
1238 1007 1366 1058 atque
1397 1003 1494 1044 1101·-

149 1064 285 1117 ridus,
323 1066 371 1104 ut
409 1063 453 1103 in
487 1063 706 1103 uberrima
738 1061 907 1103 Siciliae
940 1065 1061 1116 parte
1095 1061 1286 1103 Siciliam
1320 1076 1494 1116 quaere-

90 1137 310 1176 remus3
358 1121 645 1163 labefactarat
693 1122 803 1162 enim
852 1121 1126 1162 vehementer
1171 1124 1363 1162 aratores
1407 1121 1493 1162 iam

80 1226 85 1237 ι
112 1177 133 1200 ”’
152 1182 346 1235 superior
373 1195 521 1233 annus,
554 1180 774 1235 proximus
801 1195 900 1221 vero
928 1180 1121 1221 funditus
1154 1182 1378 1221 everterat.
1430 1180 1494 1220 Tu

151 1240 257 1281 mihi
298 1240 427 1280 etiam
468 1239 596 1280 audes
632 1240 892 1280 mentionem
925 1239 1064 1280 facere
1099 1239 1401 1280 decumarum?
1447 1242 1494 1279 tu

150 1299 194 1339 in
232 1302 356 1339 tanta
395 1298 693 1350 improbitate,
738 1298 781 1338 in
819 1301 942 1338 tanta
975 1298 1228 1351 acerbitate,
1272 1298 1315 1338 in
1347 1301 1413 1339 tot
1445 1313 1493 1338 ac

150 1358 284 1398 tantis
311 1357 490 1405 iniuriis,
523 1371 618 1397 cum
645 1357 690 1397 in
722 1358 988 1397 arationibus
1022 1359 1064 1397 et
1095 1357 1139 1396 in
1172 1372 1317 1397 earum
1350 1372 1493 1397 rerum

150 1417 240 1457 iure
279 1415 500 1470 provincia
534 1414 680 1456 Sicilia
718 1416 944 1467 consistat,
984 1416 1142 1456 eversis
1175 1415 1368 1455 funditus
1402 1430 1519 1455 arae*

149 1475 330 1527 toribus,
364 1474 525 1515 relictis
555 1474 683 1529 agris,
716 1490 811 1515 cum
837 1475 881 1514 in
908 1474 1127 1528 provincia
1156 1476 1247 1514 tam
1280 1474 1493 1527 locuplete

151 1549 199 1574 ac
226 1533 384 1573 referta
410 1547 496 1573 non
523 1532 648 1573 modo
682 1548 783 1586 rem,
817 1533 889 1573 sed
919 1548 970 1573 ne
1004 1547 1123 1587 spem
1157 1533 1327 1586 quidem
1359 1533 1493 1573 ullam

150 1592 361 1645 reliquam
389 1592 588 1645 cuiquam
613 1591 776 1645 feceris,
810 1592 973 1645 aliquid
1005 1594 1046 1632 te
1078 1592 1286 1645 populare
1319 1592 1493 1644 putabis

150 1651 327 1703 habere,
372 1665 467 1691 cum
509 1650 621 1691 dices
667 1653 709 1691 te
748 1651 884 1705 pluris
924 1665 1051 1704 quam
1091 1653 1253 1691 ceteros
1295 1650 1492 1691 decumas

150 1709 419 1750 vendidisse?
490 1709 621 1757 Quasi
663 1724 763 1750 vero
811 1713 883 1750 aut
926 1709 1110 1763 populus
1149 1709 1367 1749 Romanus
1412 1709 1493 1750 hoc

150 1769 336 1809 voluerit
381 1771 454 1808 aut
501 1771 673 1808 senatus
718 1768 799 1808 tibi
839 1768 919 1809 hoc
958 1767 1243 1821 mandaverit,
1288 1771 1352 1819 ut,
1398 1783 1493 1809 cum

150 1841 298 1867 omnes
326 1829 547 1867 aratorum
573 1828 769 1867 fortunas
798 1827 1070 1867 decumarum
1096 1827 1267 1867 nomine
1295 1827 1492 1879 eriperes,

148 1887 193 1925 in
220 1888 441 1939 posterum
467 1884 609 1925 fructu
638 1885 715 1925 illo
748 1886 1057 1938 commodoque
1090 1885 1397 1925 frumentariae
1431 1885 1493 1925 rei

148 1944 357 1998 populum
389 1944 632 1984 Romanum
665 1944 868 1997 privares,
902 1944 1062 1997 deinde,
1096 1944 1130 1983 si
1165 1959 1290 1997 quam
1323 1946 1492 1998 partem

148 2007 247 2043 tuae
275 2002 457 2056 praedae
486 2002 538 2042 ad
565 2017 775 2043 summam
804 2003 1075 2044 decumarum
1106 2003 1353 2056 addidisses,
1385 2003 1492 2043 bene

150 2062 199 2102 <le
252 2076 295 2102 re
349 2061 539 2115 publica,
597 2062 702 2102 bene
754 2062 803 2102 de
854 2062 1013 2115 populo
1066 2061 1260 2102 Romano
1315 2062 1492 2102 meritus

150 2120 351 2161 viderere.

240 2179 383 2232 Atque
427 2178 602 2232 perinde
647 2180 817 2233 loquor,
864 2180 986 2233 quasi
1022 2180 1067 2220 in
1106 2194 1154 2220 eo
1195 2180 1250 2219 sit
1288 2179 1491 2232 iniquitas

151 2238 239 2277 cius
267 2237 625 2291 reprehendenda,
658 2238 770 2292 quod
796 2242 974 2291 propter
1004 2238 1168 2293 gloriae
1201 2238 1491 2291 cupiditatem,

150 2299 198 2336 ut
236 2296 403 2349 aliquos
444 2310 611 2337 summa
642 2297 849 2337 frumenti
883 2297 1105 2337 decumani
1136 2297 1341 2349 vinceret,
1381 2312 1491 2338 accr-
1511 2306 1541 2332 35
1574 2307 1575 2313 ’

150 2355 314 2395 biorem
354 2355 511 2409 legem,
554 2355 726 2395 duriora
765 2355 902 2396 edicta
939 2356 1263 2409 interposuerit,
1304 2356 1492 2396 omnium

84 2420 122 2450 «29
152 2413 417 2466 superiorum
465 2414 766 2455 auctoritatem
812 2414 1059 2468 repudiarit.
1132 2414 1290 2468 Magno
1336 2417 1383 2455 tu
1429 2414 1492 2454 de-
