1618 2584
552 67 653 101 CAP.
676 72 765 102 1-3
791 71 811 111 g
838 70 940 103 1—8.
1357 70 1412 112 83

72 162 118 205 111
143 161 336 204 codices?
380 161 518 204 Immo
547 177 694 204 omnes
722 177 922 205 summas.
965 162 1078 205 Leve
1105 166 1149 205 et
1173 167 1301 206 tenue
1330 166 1412 209 hoc

71 219 254 263 nomen?
298 218 370 261 HS
401 231 590 264 0001000
623 224 734 263 sunt.
790 220 882 270 Quo
914 221 1040 264 modo
1073 222 1154 264 tibi
1185 226 1310 265 tanta
1342 239 1412 279 pe—

72 279 195 321 cunia
221 279 561 321 extraordinaria
592 279 732 321 iacet?
764 295 847 334 quo
879 280 1006 323 modo
1038 279 1111 322 HS
1144 292 1334 325 0001000
1366 283 1411 324 111

71 337 211 380 codice
251 337 414 392 accepti
453 340 495 379 et
532 339 704 393 expensi
743 352 829 380 non
864 338 992 380 sunt?
1046 338 1131 382 Pro
1165 339 1208 381 di
1237 340 1410 383 immor-

36 407 52 433 5
70 395 200 438 tales!
233 409 379 437 essene
407 410 664 451 quemquam
690 399 815 439 tanta
841 397 1018 440 audacia
1042 398 1299 453 praeditum,
1326 400 1410 454 qui,

71 453 183 510 quod
201 468 358 496 nomen
378 454 537 496 referre
557 455 601 496 in
621 455 794 497 tabulas
814 456 980 510 timeat,
1006 456 1049 498 id
1069 459 1214 512 petere
1242 458 1411 511 audeat,

70 512 183 567 quod
219 512 264 553 in
296 513 485 555 codicem
516 513 729 555 iniuratus
761 514 920 556 referre
951 515 1080 569 nolit,
1117 515 1161 556 id
1192 516 1334 558 iurare
1366 516 1412 558 111

68 571 189 612 litem
227 585 314 612 non
351 571 536 625 dubitet,
575 572 688 625 quod
725 572 808 613 sibi
838 573 1023 628 probare
1054 588 1143 616 non
1171 574 1330 630 possit,
1367 575 1411 616 id

67 629 324 686 persuadere
357 630 483 671 alteri
515 631 708 672 conetur!

33 700 50 726 o
155 687 348 729 Nimium
375 688 460 730 cito
488 688 550 729 ait
578 703 644 730 me
676 688 892 744 indignari
926 689 975 731 de
1007 691 1188 745 tabulis3
1218 706 1306 734 non
1336 691 1410 734 ha-

66 747 167 788 bere
200 760 244 788 se
275 747 357 788 1100
387 761 544 788 nomen
575 747 620 788 in
652 747 839 789 codicem
871 749 1035 803 accepti
1068 752 1109 790 et
1142 750 1317 804 expensi
1347 765 1409 793 re-

67 805 204 847 latum
242 805 488 860 confitetur,
526 805 599 847 sed
630 805 675 846 in
707 805 964 847 adversariis
996 810 1144 862 patere
1177 809 1407 851 contendit.

66 863 213 919 Usque
252 878 355 906 eone
394 867 436 905 te
476 864 620 920 diligis
660 866 703 906 et
741 865 968 920 magnifice
1008 866 1317 921 circumspicis,
1360 869 1408 909 ut

65 923 290 978 pecimiam
321 937 408 964 non
440 938 490 964 ex
521 923 607 964 tuis
640 923 820 975 tabulis,
857 923 930 964 sed
963 924 1221 966 adversariis
1253 926 1408 980 petas?

31 980 199 1023 5Suum
243 981 429 1023 codicem
473 982 598 1023 testis
640 981 736 1024 loco
781 982 962 1023 recitare
1010 983 1285 1038 arrogantiae
1324 987 1408 1039 est3

65 1055 240 1082 suarum
277 1040 636 1095 perscriptionum
680 1043 722 1081 et
759 1040 986 1082 liturarum
1026 1041 1274 1083 adversaria
1310 1057 1406 1097 pro-

63 1099 174 1141 ferre
204 1113 291 1141 non
324 1098 512 1140 amentia
544 1099 638 1140 est?
689 1097 851 1147 Quodsi
883 1100 1060 1141 eandem
1092 1100 1198 1154 vim,
1231 1101 1406 1155 diligen·
1434 1115 1454 1146 6

63 1158 170 1200 tiam
192 1158 578 1212 auctoritatemque
604 1157 766 1199 liabent
792 1158 1039 1199 adversaria
1065 1173 1193 1212 quam
1219 1159 1406 1214 tabulae,

65 1216 166 1271 quid
202 1216 358 1258 attinet
390 1216 577 1258 codicem
608 1216 852 1270 instituere,
890 1217 1175 1270 conscribere,
1213 1217 1406 1259 ordinem

64 1289 334 1329 conservare,
369 1275 600 1317 memoriae
633 1275 802 1316 tradere
835 1275 1080 1317 litterarum
1111 1277 1404 1318 vetustatem?

65 1332 147 1376 Sed
179 1334 232 1388 si,
272 1334 385 1388 quod
417 1333 673 1375 adversariis
704 1334 813 1375 nihil
846 1333 1074 1389 credimus,
1106 1334 1263 1376 idcirco
1296 1335 1406 1377 codi-

64 1407 156 1436 cem
182 1392 367 1434 scribere
393 1392 672 1446 instituimus,
708 1392 821 1447 quod
848 1392 978 1434 etiam
1005 1393 1119 1448 apud
1146 1393 1284 1435 omnis
1311 1394 1404 1436 leve

64 1454 108 1493 et
143 1451 361 1493 infirmum
399 1454 481 1505 est,
519 1451 562 1492 id
600 1451 713 1505 apud
749 1451 931 1492 iudicem
970 1465 1100 1507 grave
1133 1454 1176 1494 et
1208 1454 1404 1494 sanctum

65 1525 156 1552 esse
189 1510 394 1552 ducetur?
450 1509 559 1558 Quid
592 1513 674 1563 est,
712 1510 825 1564 quod
854 1510 1135 1566 neglegenter
1166 1511 1403 1553 scribamus
1431 1525 1450 1555 7

65 1568 338 1612 adversaria?
378 1568 479 1623 quid
510 1571 593 1622 est,
626 1568 739 1623 quod
771 1568 1002 1623 diligenter
1033 1568 1307 1611 conficiamus
1339 1572 1404 1612 ta·

62 1628 218 1670 bulas?
250 1642 334 1682 qua
359 1626 409 1669 de
433 1627 590 1669 causa?
635 1626 744 1674 Quia
769 1627 874 1669 haec
906 1629 1006 1668 sunt
1038 1630 1270 1682 menstrua,
1301 1628 1403 1670 illae

64 1689 164 1730 sunt
196 1689 413 1740 aeternae,
452 1686 558 1727 haec
597 1686 792 1727 delentur
830 1686 998 1739 statim,
1035 1686 1137 1727 illae
1175 1689 1404 1728 servantur

64 1748 226 1800 sancte,
251 1745 356 1787 haec
375 1745 499 1800 parvi
518 1745 726 1799 temporis
753 1744 1017 1799 memoriam,
1042 1744 1144 1786 illae
1170 1748 1402 1800 perpetuae

64 1804 395 1846 existimationis
420 1803 549 1845 fidem
575 1805 618 1844 et
643 1803 897 1859 religionem
930 1803 1267 1858 amplectuntur,
1298 1804 1403 1846 11000

65 1867 164 1906 sunt
202 1863 398 1916 disiecta,
434 1862 536 1904 illae
576 1865 676 1904 sunt
713 1862 757 1903 in
801 1862 993 1904 ordinem
1025 1861 1255 1904 confectae.
1316 1862 1403 1904 Ita-

64 1937 144 1978 que
189 1920 434 1964 adversaria
477 1921 522 1962 in
565 1920 766 1962 iudicium
807 1920 990 1975 protulit
1027 1935 1171 1974 110111ος
1215 1920 1402 1963 codicem

61 1980 256 2036 protulit,
286 1980 459 2022 tabulas
490 1979 700 2021 recitavit.
759 1979 834 2033 Tu,
867 1978 912 2021 C.
938 1979 1051 2032 Piso,
1081 1978 1162 2020 tali
1193 1979 1287 2032 fide,
1319 1979 1401 2020 vir·
1429 1989 1454 2029 3

61 2042 165 2093 tute,
197 2039 424 2095 gravitate,
460 2038 717 2080 auctoritate
750 2040 928 2079 ornatus
961 2052 1011 2079 ex
1044 2037 1300 2079 adversariis
1333 2052 1402 2092 pe-

63 2098 230 2141 cuniam
272 2100 418 2153 petere
460 2111 548 2138 non
588 2097 775 2138 auderes.
842 2096 955 2151 Ego,
999 2110 1107 2151 quae
1145 2096 1261 2138 clara
1300 2098 1401 2138 sunt
1426 2110 1448 2142 8

64 2156 382 2210 consuetudine,
427 2155 586 2197 diutius
631 2155 768 2196 dicere
810 2169 898 2196 non
941 2154 1092 2209 debeo3
1135 2154 1243 2196 illud
1286 2169 1401 2209 vero,

64 2215 176 2271 quod
191 2215 245 2258 ad
261 2230 351 2257 rem
370 2215 642 2256 vehementer
662 2213 860 2269 pertinet,
882 2228 1057 2268 quaero:
1078 2211 1216 2262 Quam
1235 2213 1402 2268 pridem

61 2273 144 2317 11οο
163 2289 331 2328 nomen,
356 2273 505 2329 Fanni,
537 2273 583 2314 in
609 2272 853 2314 adversaria
877 2272 1117 2314 rettulisti?
1162 2271 1402 2326 Erubescit,

1070 2342 1118 2375 6*

1434 671 1463 754 Ξ
