1618 2584
24 896 57 920 10

23 1188 55 1214 15

22 1482 56 1507 20

21 1775 53 1800 25

21 2067 53 2092 30

21 2357 53 2383 35

381 262 468 296 ΜΒ.
495 263 529 296 ΙΙ
575 262 674 297 CAP.
705 268 841 298 72—74
869 268 887 305 ξ
916 268 1110 298 176-182.
1332 264 1418 305 265

78 357 184 398 satis
218 371 308 397 esse
341 357 572 410 facturum,
605 358 659 411 si,
691 373 798 412 quae
831 359 1012 413 cognovi
1043 358 1087 399 in
1119 357 1277 412 Sicilia,
1310 374 1417 413 quae

78 415 221 469 accepi
248 415 301 456 ab
333 415 450 469 ipsis,
484 416 713 470 diligenter
746 432 991 471 exl‘msuero,
1022 418 1183 472 populo
1210 418 1417 471 Romano,

78 474 113 514 si
150 474 310 514 nullius
349 474 453 527 vim,
490 476 650 515 nullius
689 476 929 529 potentiam
965 476 1244 530 pertimuero,
1283 477 1418 529 vobis,

78 532 114 572 si
138 532 390 573 facultatem
416 548 514 574 vere
542 536 671 587 atque
697 534 877 574 honeste
902 534 1115 575 iudicandi
1140 535 1221 575 fide
1251 537 1294 575 et
1326 535 1418 575 dili-

79 591 224 646 gentia
261 606 355 632 mea
386 591 544 645 fecero,
582 592 797 645 mihimet,
837 593 871 632 si
903 608 956 633 ne
989 593 1213 634 minimum
1246 593 1415 647 quidem

78 649 127 689 de
154 664 248 690 meo
275 650 482 691 curriculo
509 650 635 702 vitae,
668 651 781 704 quod
807 651 914 691 mihi
947 666 1115 706 semper
1145 652 1416 707 propositum

75 707 176 761 fuit,
216 708 445 750 decessero.
508 707 779 762 Quapropter
810 710 917 749 nihil
951 713 1033 763 est,
1067 711 1179 764 quod
1215 714 1393 764 metuas,
1421 717 1487 748 180

75 781 128 806 ne
168 767 268 820 quid
299 767 343 807 in
374 769 416 807 te
448 767 709 821 confingam3
747 767 877 807 etiam
912 768 1024 821 quod
1057 769 1233 823 laetere,
1272 769 1417 810 habes.

75 824 216 865 Multa
242 825 373 877 enim,
406 840 513 878 quae
541 826 626 866 scio
660 840 685 866 a
716 828 759 866 te
792 840 883 866 esse
917 828 1164 880 commissa,
1198 828 1311 881 quod
1344 830 1418 869 aut

75 882 254 923 nimium
299 883 443 937 turpia
489 886 562 924 aut
600 899 759 937 -parum
803 884 1025 926 credibilia
1070 888 1186 939 sunt,
1231 889 1417 940 praeter-

76 942 258 982 mittam.
314 941 344 994 1·
376 941 560 982 Tantum
600 957 727 997 agam
764 942 813 983 de
845 943 925 984 hoc
957 946 1051 985 toto
1083 945 1255 985 nomine
1289 945 1417 986 socie-

75 1000 197 1053 tatis,
233 1002 281 1040 ut
312 1000 398 1041 iam
432 1001 538 1041 scire
570 1001 723 1054 possis.
780 1001 1011 1055 Quaeram,
1044 1002 1316 1044 decretumne
1350 1003 1418 1044 sit.

76 1057 183 1099 Cum
222 1059 265 1099 id
303 1059 522 1113 invenero,
567 1074 787 1114 quaeram,
825 1063 1071 1101 remotaene
1111 1062 1197 1101 sint
1234 1062 1418 1102 litterae.

76 1116 182 1158 Cum
214 1117 256 1157 id
290 1132 457 1171 quoque
490 1118 718 1171 constabit,
750 1133 826 1159 vos
859 1119 945 1159 iam
977 1119 1059 1161 hoc
1091 1135 1158 1160 me
1191 1121 1323 1161 tacito
1356 1121 1418 1161 in-

75 1176 310 1231 tellegetis:
356 1174 400 1216 Si
444 1176 527 1230 illi,
572 1177 644 1230 qui
687 1177 768 1218 hoc
812 1178 936 1218 istius
976 1193 1104 1219 causa
1142 1179 1418 1220 decreverunt

77 1235 258 1288 [equites
290 1234 511 1288 Romani],
548 1249 660 1276 nunc
698 1236 809 1276 idem
848 1236 891 1276 in
931 1251 1027 1277 eum
1064 1237 1223 1278 iudices
1263 1240 1419 1291 essent,

74 1293 206 1333 istum
245 1293 335 1334 sine
374 1293 502 1334 dubio
542 1294 890 1348 condemnarent,
929 1294 979 1335 de
1015 1310 1098 1349 quo
1132 1296 1300 1337 litteras
1334 1311 1417 1349 eaS,

76 1366 183 1405 quae
221 1352 346 1392 istius
384 1352 501 1392 furta
538 1352 794 1406 indicarent,
833 1355 875 1394 et
914 1353 967 1394 ad
1000 1368 1044 1395 se
1077 1354 1230 1395 missas
1264 1356 1307 1395 et
1340 1369 1417 1395 suo

75 1410 244 1451 decreto
291 1414 479 1451 remotas
528 1411 686 1451 scirent
733 1426 835 1453 esse.
907 1411 1041 1459 Quem
1087 1412 1222 1467 igitur
1266 1413 1319 1454 ab
1363 1413 1417 1453 iis

77 1469 311 1522 [equitibus
343 1469 586 1521 Romanis],
626 1470 698 1523 qui
732 1470 857 1510 istius
891 1485 1019 1511 causa
1052 1472 1229 1525 cupiunt
1262 1472 1418 1525 omnia,

76 1528 148 1581 qui
181 1528 234 1568 ab
268 1542 316 1568 eo
350 1528 656 1582 benignissime
688 1528 866 1569 tractati
898 1532 1010 1581 sunt,
1043 1530 1318 1571 condemnari
1349 1545 1418 1571 ne-

76 1600 191 1627 cesse
231 1588 360 1639 esset,
398 1586 434 1626 is
468 1601 492 1626 a
528 1586 668 1639 vobis,
706 1587 883 1640 iudices,
921 1588 1010 1628 ulla
1042 1587 1112 1628 via
1146 1591 1219 1628 aut
1250 1589 1417 1629 ratione

76 1644 243 1685 absolvi
274 1645 462 1698 poterit?

164 1703 227 1744 Ac
246 1717 298 1743 ne
318 1703 430 1743 forte
452 1717 512 1756 ea,
540 1718 646 1757 quae
667 1706 834 1744 remota
854 1704 904 1744 de
924 1704 1063 1744 medio
1092 1706 1220 1758 atque
1247 1708 1394 1759 erepta
1422 1708 1485 1738 181

74 1761 198 1802 nobis
226 1764 342 1813 sunt,
376 1762 521 1802 omnia
552 1762 615 1802 ita
647 1762 818 1803 condita
850 1762 981 1802 fuisse
1016 1765 1143 1816 atque
1176 1763 1238 1804 ita
1271 1764 1417 1805 abdita

74 1820 253 1861 latuisse
279 1820 516 1873 videantur,
548 1823 596 1860 ut
620 1820 725 1861 haec
753 1820 988 1875 diligentia,
1022 1836 1149 1874 quam
1180 1835 1259 1876 ego
1294 1837 1318 1863 a
1351 1837 1417 1863 me

75 1878 290 1932 expectari
317 1879 501 1919 maxime
531 1881 648 1933 puto,
680 1879 789 1919 nihil
823 1894 970 1920 eorum
1002 1879 1277 1935 investigare,
1307 1880 1416 1921 nihil

75 1937 251 1991 adsequi
280 1937 488 1991 potuerit:
522 1952 629 1991 quae
662 1938 840 1978 consilio
874 1938 1018 1991 aliquo
1053 1941 1127 1979 aut
1159 1939 1325 1980 ratione
1357 1940 1417 1980 in-

73 1996 210 2037 veniri
241 1998 492 2050 potuerunt,
530 1996 705 2036 inventa
738 1999 855 2049 sunt,
889 1996 1067 2050 iudices3
1099 1997 1340 2038 manifestis
1373 1998 1417 2038 in

74 2055 201 2095 rebus
241 2054 461 2095 hominem
498 2054 584 2095 iam
623 2055 823 2095 videbitis
861 2055 1009 2096 teneri.
1071 2054 1184 2096 Nam
1224 2056 1336 2109 quod
1372 2056 1417 2096 in

73 2113 400 2167 publicanorum
422 2113 560 2154 causis
586 2114 654 2153 vel
681 2114 913 2167 plurimum
941 2114 1097 2154 aetatis
1124 2129 1243 2155 meae
1270 2129 1417 2155 versor

72 2171 432 2225 vehementerque
458 2172 581 2212 illum
610 2172 801 2212 ordinem
829 2173 1022 2225 observo,
1056 2173 1161 2213 satis
1196 2173 1416 2214 commode

73 2230 180 2271 mihi
223 2230 369 2271 videor
414 2245 561 2271 eorum
600 2230 948 2271 consuetudinem
986 2245 1066 2271 usu
1104 2232 1416 2285 tractandoque
1433 2264 1487 2304 74

74 2303 293 2344 cognosse.
331 2288 494 2342 Itaque,
514 2291 562 2329 ut
582 2289 663 2330 1100
683 2289 883 2343 comperi,
903 2292 1091 2330 remotas
1113 2304 1204 2330 esse
1222 2290 1392 2330 litteras
1422 2316 1486 2347 182

75 2347 310 2398 societatis,
349 2347 482 2388 habui
514 2348 726 2388 rationem
759 2362 905 2388 eorum
938 2363 1164 2401 annorum,
1202 2363 1277 2402 per
1310 2363 1415 2402 quos

72 2405 154 2446 iste
193 2406 237 2446 in
270 2404 415 2447 Sicilia
445 2406 617 2458 fuisset3
659 2406 807 2446 deinde
841 2406 1048 2460 quaesivi,
1088 2406 1200 2460 quod
1233 2409 1325 2448 erat
1356 2407 1416 2447 in-

74 2466 204 2505 ventu
241 2464 513 2519 facillimum,
553 2465 625 2518 qui
663 2479 738 2519 per
778 2479 848 2505 eos
889 2479 1022 2505 annos
1062 2465 1262 2519 magistri
1297 2465 1414 2506 illius
