1618 2584
169 44 251 85 120
300 44 350 77 IN
378 45 417 85 Q.
439 44 699 79 CAEClLlUM
724 43 991 80 DIVINATIO.
1031 43 1131 80 CAP.
1153 49 1208 88 21,
1236 49 1278 79 22
1305 49 1324 87 ξ
1352 49 1502 81 ‘lo—73.

167 143 326 194 suerat,
364 155 475 182 nunc
513 139 784 193 praesertim,
823 153 872 180 ea
911 139 996 179 iam
1030 142 1188 193 aetate,
1225 154 1322 181 cum
1354 140 1501 181 aedili-

164 201 299 239 tatem
337 198 502 252 petat?'
563 198 659 252 Ego
698 211 798 238 vero
835 199 877 237 et
909 197 1064 237 aetatis
1095 212 1182 238 non
1213 198 1338 238 modo
1371 213 1502 252 meae,

165 257 237 298 sed
264 258 401 297 multo
429 256 558 297 etiam
586 255 817 309 superioris
845 257 887 296 et
911 255 1087 296 honoris
1114 256 1370 310 amplissimi
1395 259 1500 310 puto

165 330 256 356 esse
295 318 337 355 et
375 328 573 356 accusare
611 314 815 367 inprobos
855 316 898 354 et
929 313 1108 354 miseros
1142 314 1500 368 calamitososque

164 373 397 414 defendere.
440 372 499 413 Et
524 372 716 426 profecto
744 374 817 413 aut
843 372 923 412 hoc
949 372 1182 412 remedium
1209 375 1273 413 est
1299 376 1500 427 aegrotae
1519 384 1538 410 5

166 447 214 473 ac
239 446 371 485 prope
405 431 654 484 desperatae
686 430 747 471 rei
779 430 974 484 publicae
1006 430 1257 483 iudiciisque
1289 431 1500 485 corruptis

164 492 207 530 et
228 488 533 530 contaminatis
554 503 785 543 paucorum
806 489 911 530 vitio
933 503 980 529 ac
1003 489 1281 542 turpitudine,
1307 489 1500 530 homines

165 548 217 588 ad
267 548 412 602 legum
469 547 757 588 defensionem
813 547 1148 600 iudiciorumque
1200 548 1501 588 auctoritatem

165 621 293 659 quam
314 606 642 647 honestissimos
667 608 709 646 et
734 606 1035 660 integerrimos
1062 605 1501 660 diligentissimosque
1573 639 1575 649 ,

164 664 378 717 accedere,
413 667 499 715 aut,
532 664 568 704 si
591 679 644 704 ne
670 664 751 705 hoc
778 664 948 717 quidem
973 664 1175 718 prodesse
1201 664 1373 717 poterit,
1404 679 1499 718 pro·
1522 671 1575 702 ια’

162 723 274 764 fecto
301 723 422 764 nulla
453 738 656 776 umquam
688 722 896 764 medicina
928 723 995 762 his
1028 724 1095 763 tot
1127 722 1406 763 incommodis
1439 737 1500 763 re-

94 789 133 820 71
163 781 364 835 perietur.
429 780 563 822 Nulla
610 781 724 822 salus
763 782 823 822 rei
861 781 1057 835 publicae
1095 780 1232 821 maior
1270 783 1335 821 est
1374 796 1501 834 quam

163 854 253 893 eos,
292 840 364 893 qui
403 840 587 881 alterum
626 842 843 892 accusant,
881 854 967 880 non
1005 839 1145 880 minus
1186 839 1235 879 de
1271 839 1412 892 laude,
1451 839 1501 880 de

161 898 342 951 honore,
382 898 431 939 de
462 898 579 939 fama
611 912 687 939 sua
721 913 847 951 quam
879 898 996 950 illos,
1036 897 1107 951 qui
1140 901 1412 951 accusantur,
1452 898 1501 938 de

162 957 302 1010 capite
341 971 389 997 ac
427 957 610 997 fortunis
650 956 737 997 suis
776 956 1090 1010 pertimescere.
1150 955 1299 1009 Itaque
1333 971 1500 1010 semper
1521 967 1571 1002 1⁵4

161 1015 192 1055 ii
225 1015 556 1069 diligentissime
588 1015 1010 1068 laboriosissimeque
1044 1018 1314 1068 accusarunt,
1353 1015 1424 1068 qui
1457 1029 1500 1055 se
1570 1020 1571 1028 ¹

162 1073 280 1127 ipsos
306 1074 352 1114 in
378 1074 605 1114 discrimen
631 1073 961 1114 existimationis
989 1073 1131 1113 venire
1159 1073 1358 1113 arbitrati
1391 1076 1501 1114 sunt.

93 1135 148 1175 22
253 1132 391 1179 Quam
429 1132 483 1173 ob
522 1147 611 1173 rem
651 1132 731 1172 hoc
770 1134 975 1184 statuere,
1018 1131 1194 1184 iudices,
1234 1131 1415 1185 debetis,
1455 1131 1501 1180 Q.

162 1189 407 1241 Caecilium,
441 1191 490 1230 de
523 1205 606 1243 quo
639 1191 760 1230 nulla
791 1205 994 1243 umquam
1027 1190 1170 1243 opinio
1203 1190 1333 1230 fuerit
1365 1190 1500 1230 nulla-

163 1263 243 1302 que
287 1249 332 1290 in
371 1249 451 1289 hoc
490 1249 583 1301 ipso
628 1249 782 1289 iudicio
828 1248 1065 1301 expectatio
1109 1248 1255 1288 futura
1294 1249 1366 1301 sit,
1417 1248 1500 1302 qui,
1519 1256 1567 1285 2⁰¹
1597 1265 1617 1288 κ

161 1321 298 1360 neque
336 1310 384 1347 ut
422 1309 521 1347 ante
560 1307 785 1348 collectam
823 1306 984 1347 famam
1017 1309 1239 1347 conservet
1270 1321 1405 1360 neque
1436 1307 1500 1347 uti

162 1365 317 1419 reliqui
355 1365 562 1419 temporis
602 1379 720 1418 spem
753 1366 993 1418 confirmet,
1031 1365 1219 1418 laborat,
1256 1379 1343 1406 non
1373 1365 1502 1406 nimis

162 1424 272 1464 hanc
310 1439 482 1465 causam
522 1438 687 1476 severe,
722 1438 810 1464 non
845 1423 973 1464 nimis
1007 1426 1218 1476 accurate,
1256 1438 1343 1464 non
1372 1424 1500 1464 nimis

162 1482 391 1537 diligenter
425 1485 637 1535 acturum,
676 1482 808 1523 habet
840 1482 952 1522 enim
984 1482 1111 1535 nihil,
1154 1482 1266 1535 quod
1297 1482 1341 1522 in
1374 1483 1500 1523 offen·
1562 1520 1564 1530 ⁴

163 1541 280 1582 sione
305 1541 525 1594 deperdat3
557 1543 604 1581 ut
636 1541 885 1594 turpissime
916 1540 1338 1594 flagitiosissimeque
1372 1541 1498 1582 disca
1517 1543 1563 1593 25}
1610 1568 1618 1571 -<

92 1612 134 1643 7‘2
163 1600 253 1653 dat,
291 1600 400 1640 nihil
440 1599 490 1640 de
528 1600 615 1640 suis
655 1600 871 1640 veteribus
911 1599 1173 1640 ornamentis
1206 1599 1404 1652 requiret.
1460 1600 1499 1640 A

160 1658 286 1699 nobis
324 1658 484 1699 multos
523 1658 692 1700 obsides
730 1657 863 1698 habet
899 1657 1083 1711 populus
1118 1657 1355 1711 Romanus,
1394 1672 1498 1712 quos

161 1719 209 1757 ut
228 1717 462 1757 incolumes
483 1731 746 1768 conservare,
766 1715 889 1768 tueri,
911 1716 1162 1756 confirmare
1182 1731 1230 1757 ac
1250 1730 1498 1769 recuperare

161 1775 393 1829 possimus,
433 1775 550 1816 omni
587 1775 753 1815 ratione
791 1775 872 1815 erit
911 1774 1219 1828 dimicandum3
1258 1774 1390 1815 habet
1424 1774 1498 1815 ho-

160 1848 320 1887 norem,
354 1848 479 1886 quem
511 1833 710 1887 petimus,
742 1833 874 1873 habet
907 1847 1038 1886 spem,
1072 1847 1199 1886 quam
1232 1833 1496 1887 propositam
1514 1842 1559 1878 30,
1616 1833 1618 1855 ³

161 1892 285 1933 nobis
323 1891 549 1946 habemus,
590 1891 723 1933 habet
761 1891 1122 1932 existimationem
1161 1892 1297 1932 multo
1337 1892 1498 1945 sudore,
1558 1884 1559 1899 ¹

162 1951 309 1991 labore
348 1950 594 2005 vigiliisque
627 1950 870 2003 collectam,
908 1953 973 2003 ut,
1012 1950 1048 1990 si
1079 1950 1124 1990 in
1155 1950 1234 1991 hac
1266 1964 1394 1991 causa
1423 1964 1496 1991 no-

161 2012 299 2050 strum
351 2009 539 2050 officium
584 2023 633 2050 ac
676 2008 945 2063 diligentiam
989 2009 1333 2062 probaverimUS,
1382 2009 1497 2061 haec,
1556 2041 1557 2051 ,

161 2083 268 2121 quae
302 2068 399 2121 dixi,
434 2068 617 2108 retinere
648 2081 725 2120 per
757 2067 963 2121 populum
995 2066 1237 2108 Romanum
1269 2066 1497 2108 incolumia
1556 2094 1557 2106 1

160 2141 208 2167 ac
230 2126 350 2167 salva
376 2126 609 2179 possimus,
638 2126 673 2166 si
698 2126 915 2166 tantulum
943 2126 1151 2166 offensum
1178 2125 1495 2178 titubatumque
1514 2132 1546 2158 35

161 2185 234 2238 sit⁷
267 2187 315 2225 ut
342 2199 408 2239 ea,
441 2199 548 2238 quae
582 2184 838 2239 singillatim
871 2199 918 2225 ac
951 2184 1022 2224 diu
1054 2184 1233 2224 collecta
1265 2186 1380 2236 sunt,
1413 2197 1495 2223 uno
1554 2199 1556 2218 ι
1616 2210 1618 2212 v

90 2249 132 2279 73
162 2246 353 2296 tempore
386 2243 584 2284 universa
615 2243 855 2296 perdamus.
913 2241 1196 2296 Quapropter,
1229 2241 1398 2295 iudices,
1430 2255 1495 2282 ve·
1553 2267 1555 2270 >
1610 2273 1612 2275 -

1564 1391 1566 1429 }
1608 1408 1609 1411 ,

1563 1476 1565 1495 Ἀ
1610 1464 1613 1466 ,

1550 2421 1552 2486 ι’
