1618 2584
140 339 184 370 54

142 981 185 1011 55

212 57 267 97 98
317 56 408 92 PRO
432 57 471 99 Q.
486 57 658 93 ROSCIO
685 57 915 92 COMOEDO
944 57 1129 93 ORAT10,
1175 58 1278 94 CAP.
1296 63 1338 94 18
1358 64 1377 102 ἓ
1396 65 1543 99 53—56.

211 155 414 207 testatur,
454 155 536 195 sibi
569 154 650 195 soli
682 154 810 209 petit,
849 154 974 195 alteri
1006 169 1131 196 nemo
1162 157 1325 210 potest,
1359 155 1443 196 nisi
1474 159 1545 211 qui
1594 154 1595 157 '

211 213 409 267 cognitor
447 216 512 254 est
543 212 694 254 factus.
750 213 871 254 Itane
903 213 1035 254 vero?
1086 214 1283 268 cognitor
1321 214 1358 255 si
1394 214 1545 257 fuisset

210 274 322 321 tuus,
343 272 456 326 quod
481 271 654 312 vicisset
674 271 840 323 iudicio,
859 271 992 312 ferres
1013 275 1151 326 tuum3
1171 287 1261 313 cum
1282 287 1357 314 suo
1376 274 1545 316 nomine

209 330 352 384 petiit,
392 330 504 384 quod
542 330 742 384 abstulit,
789 330 887 383 tibi,
923 345 1010 371 non
1042 331 1124 371 sibi
1157 331 1327 386 exegit?
1389 331 1546 380 Quodsi

211 389 438 442 quisquam
476 391 620 444 petere
658 392 803 444 potest
841 389 981 443 alteri,
1020 390 1092 444 qui
1129 390 1326 445 cognitor
1360 405 1446 432 non
1483 396 1578 432 esta

209 447 368 501 factus,
407 463 583 502 quaero,
623 448 723 502 quid
761 449 840 502 ita,
877 463 972 490 cum
1006 447 1232 504 Panurgus
1272 452 1384 490 esset
1421 450 1547 491 inter-

210 506 347 547 fectus
369 509 411 547 et
431 507 484 548 lis
510 510 754 548 contestata
779 523 874 548 cum
894 506 1044 548 Flavio
1072 507 1216 548 damni
1241 508 1398 549 iniuria
1423 512 1547 563 esset,

211 567 258 605 tu
287 565 330 606 in
363 580 456 606 eam
490 566 611 607 litem
643 567 840 621 cognitor
866 566 994 607 Rosci
1026 566 1085 607 sis
1117 566 1269 619 factus,
1301 581 1396 608 cum
1427 582 1547 622 prae-

212 624 361 665 sertim
389 639 437 665 ex
465 627 539 666 tua
566 625 772 679 oratione,
805 625 1098 679 quodcumque
1127 625 1209 666 tibi
1240 628 1420 680 peteres,
1451 627 1548 668 huic

212 685 396 737 peteres,
438 684 732 738 quodcumque
771 684 851 725 tibi
889 684 1098 739 exigeres,
1135 684 1179 725 id
1215 684 1260 725 in
1299 685 1547 727 societatem
1565 697 1601 724 1⁰¹

211 742 428 783 recideret.
485 742 644 791 Quodsi
680 744 732 784 ad
764 743 965 785 Roscium
997 743 1105 783 nihil
1138 743 1398 797 perveniret,
1437 745 1548 798 quod

211 804 258 841 tu
285 816 310 842 a
335 800 484 843 Flavio
512 802 778 855 abstulisses,
809 802 892 843 nisi
919 804 961 842 te
987 802 1032 842 in
1057 816 1179 843 suam
1208 803 1329 843 litem
1362 802 1548 844 dedisset

211 860 491 914 cognitorem,
524 861 577 902 ad
603 864 645 902 te
671 861 892 916 pervenire
918 861 1026 901 nihil
1059 861 1196 914 debet,
1230 861 1342 915 quod
1367 861 1548 904 Roscius

211 933 288 973 pro
316 933 393 960 sua
424 922 547 974 parte
581 919 739 974 exegit,
772 920 974 974 quoniam
1006 922 1104 961 tuus
1138 921 1334 974 cognitor
1365 935 1452 962 non
1484 924 1548 962 est

211 977 363 1019 fuctus.
414 978 524 1028 Quid
552 979 663 1020 0111111
689 979 788 1020 111110
813 979 875 1020 rei
900 979 1156 1033 respondere
1182 980 1357 1034 poteris,
1382 978 1547 1022 Fanni?
1565 990 1592 1017 15

212 1035 318 1078 Cum
339 1037 389 1078 de
416 1052 493 1078 sua
518 1041 640 1092 parte
665 1038 843 1080 Roscius
871 1038 1084 1092 transegit
1110 1053 1205 1079 cum
1232 1037 1394 1091 Flavio,
1420 1039 1548 1080 actio-

210 1110 307 1137 nem
334 1096 414 1137 tihi
440 1099 560 1138 tuam
586 1097 761 1151 reliquit
787 1112 842 1138 an
867 1097 981 1138 non?
1026 1096 1070 1137 Si
1095 1111 1182 1138 non
1208 1097 1395 1151 reliquit,
1422 1112 1547 1152 quem

212 1155 265 1196 ad
293 1156 467 1197 niodum
500 1155 572 1197 HS
605 1167 791 1198 CCCIOOO
825 1156 878 1197 ab
911 1171 960 1197 eo
992 1158 1144 1211 postea
1175 1157 1386 1212 exegisti?
1420 1157 1456 1197 si
1488 1171 1547 1198 re-

211 1214 354 1268 liquit,
399 1215 499 1269 quid
541 1215 594 1256 ab
632 1215 712 1257 hoc
750 1215 879 1270 petis,
923 1215 1036 1269 quod
1073 1229 1149 1270 per
1186 1218 1229 1256 te
1266 1215 1467 1270 peisequi
1505 1218 1546 1257 et

211 1276 355 1327 petere
383 1274 539 1315 debes?
590 1272 820 1315 Simillima
845 1274 957 1315 enim
987 1276 1030 1315 et
1061 1273 1245 1315 maxime
1279 1275 1450 1330 gemina
1482 1289 1544 1316 so-
1561 1285 1605 1323 2⁰¹

212 1332 343 1373 cietas
369 1332 621 1374 heieditatis
643 1336 725 1387 est3
752 1348 878 1388 quem
906 1333 958 1374 ad
984 1333 1157 1374 modum
1184 1333 1323 1374 socius
1350 1334 1394 1374 in
1421 1334 1542 1375 30010-

211 1394 301 1432 tate
321 1392 453 1433 habet
472 1395 652 1447 partem,
673 1392 732 1434 310
751 1392 906 1433 heres
895 1407 940 1433 m
958 1392 1196 1433 hereditate
1216 1392 1349 1433 habet
1368 1395 1546 1447 partem.

211 1450 272 1492 Ut
302 1451 426 1492 heres
460 1452 542 1492 sibi
576 1452 674 1505 soli,
711 1466 797 1493 11011
834 1451 1112 1493 coheredibus
1150 1451 1276 1506 petit,
1314 1451 1374 1493 310
1409 1454 1546 1493 socius

213 1510 294 1550 sibi
335 1510 432 1564 soli,
469 1525 556 1552 non
588 1511 714 1553 sociis
746 1511 873 1565 petit3
913 1513 954 1551 et
987 1525 1112 1564 quem
1145 1510 1198 1551 ad
1230 1510 1402 1551 modum
1434 1513 1546 1552 uter-

211 1584 292 1623 que
330 1584 408 1624 pro
442 1584 519 1611 sua
549 1573 673 1625 parte
705 1570 832 1624 petit,
871 1569 930 1611 310
961 1584 1039 1624 pro
1073 1584 1149 1611 sua
1180 1572 1303 1624 parte
1337 1569 1544 1624 dissolvit,
1560 1578 1586 1606 2⁵

210 1629 333 1669 heres
373 1643 422 1670 ex
460 1644 510 1670 ea
547 1632 685 1684 parte,
725 1643 808 1683 qua
844 1629 1127 1670 hereditatem
1163 1628 1286 1681 adiit,
1325 1629 1463 1670 socius
1497 1643 1545 1670 ex

212 1702 279 1742 ea,
329 1702 412 1741 qua
457 1689 706 1729 societatem
750 1688 863 1729 coiit.
931 1686 1064 1735 Quem
1109 1687 1161 1728 ad
1205 1687 1377 1728 modum
1426 1702 1544 1729 suam

211 1749 378 1801 partem
412 1746 589 1788 Roscius
626 1762 702 1788 suo
734 1747 905 1788 nomine
939 1746 1178 1788 condonare
1210 1746 1353 1801 potuit
1384 1746 1543 1801 Flavio,

210 1808 257 1846 ut
287 1821 380 1846 eam
412 1808 460 1847 tu
491 1821 576 1847 non
608 1808 788 1861 peteres,
821 1806 891 1858 sic,
924 1820 1019 1847 cum
1052 1806 1193 1861 exegit
1225 1819 1347 1846 suam
1378 1809 1543 1861 partem

211 1867 253 1905 et
296 1865 377 1905 tibi
419 1866 633 1921 integram
677 1865 930 1920 petitionem
973 1865 1165 1919 reliquit,
1208 1867 1347 1906 tecum
1392 1864 1543 1920 partiri
1558 1873 1582 1899 ³(

210 1938 295 1965 non
335 1924 477 1978 debet,
514 1925 598 1965 nisi
637 1924 747 1966 forte
785 1927 832 1965 tu
870 1939 1071 1979 perverso
1103 1938 1238 1977 more,
1277 1923 1389 1978 quod
1420 1923 1542 1964 huius
1588 1927 1591 1938 '

212 1986 288 2036 est,
321 1983 374 2024 ab
405 1984 490 2024 alio
518 1986 770 2038 extorquere
802 1998 887 2024 11011
919 1985 1054 2038 potes,
1086 1983 1184 2024 huic
1217 1982 1379 2037 eripere
1411 1985 1542 2038 potes.
1586 2014 1589 2034 ,

212 2041 382 2083 Perstat
414 2042 458 2083 in
491 2043 704 2084 sententia
735 2040 948 2095 Saturius,
986 2042 1279 2096 quodcumque
1312 2041 1394 2082 sibi
1425 2043 1541 2096 petat

212 2101 363 2155 socius,
388 2101 431 2142 id
459 2102 677 2143 societatis
703 2101 807 2142 fieri.
852 2100 972 2150 Quod
1000 2101 1035 2141 si
1060 2101 1121 2141 ita
1148 2104 1224 2154 cst,
1251 2115 1345 2154 qua,
1373 2100 1540 2153 malum,

212 2160 400 2200 stultitia
431 2160 513 2202 fuit
544 2161 743 2214 Roscius,
776 2160 848 2214 qui
880 2175 930 2201 ex
962 2160 1066 2200 iuris
1098 2160 1333 2214 peritorum
1367 2157 1540 2201 consilio
1556 2165 1585 2198 ³1¹1

209 2221 252 2259 et
291 2220 547 2261 auctoritate
585 2219 914 2274 restipularetur
946 2233 971 2260 a
1002 2218 1164 2259 Fannio
1198 2219 1442 2274 diligenter,
1482 2219 1540 2268 ut,

213 2279 323 2331 quod
367 2278 402 2319 is
450 2279 661 2334 exegisset
705 2294 730 2319 a
772 2277 940 2331 Flavio,
990 2277 1208 2318 dimidiam
1252 2280 1418 2332 partem
1462 2274 1540 2316 sibi
