1618 2584
509 68 608 104 CAP.
629 73 718 104 5-7
745 72 764 111 ἓ
793 73 939 104 15—20.
1337 68 1390 110 87

55 163 210 207 Roscio
235 163 348 218 apud
367 162 567 206 Pisonem
593 165 714 207 (110οῬ
755 164 960 220 Ignotum
984 164 1204 206 hominem
1229 164 1393 206 scilicet

55 221 250 279 pluribus
282 221 425 263 verbis
458 223 720 265 commendo.
774 223 911 265 Estne
944 223 1170 278 quisquam
1203 223 1393 265 omnium

55 280 321 334 mortalium,
359 280 410 321 de
449 295 532 335 quo
570 282 724 323 melius
762 282 979 324 existimes
1014 282 1091 323 tu‘?
1130 283 1250 323 estne
1283 281 1393 335 quis-

56 353 196 394 quam,
230 338 302 393 qui
327 338 408 380 tibi
433 340 592 394 purior,
623 340 862 396 pudentior,
891 340 1130 395 humanior,
1162 339 1394 382 officiosior

19 396 360 462 §liberaliorque
391 398 617 440 videatur?
667 399 805 448 Quid?
843 402 910 454 tu,
945 398 1107 453 Saturi,
1140 398 1212 453 qui
1243 401 1395 440 contra

53 455 166 498 hunc
195 456 334 509 venis,
373 456 593 498 existimas
626 457 782 499 aliter?
820 472 979 512 nonne,
1015 457 1394 512 quotienscumque

52 514 99 556 in
140 528 269 556 causa
311 514 356 555 in
398 529 554 556 nomen
591 515 718 557 huius
755 516 962 571 incidisti,
1004 516 1165 558 totiens
1202 515 1315 558 hunc
1353 517 1395 557 et

53 572 193 614 virum
219 572 380 614 bonum
406 588 498 615 esse
524 573 671 615 dixisti
697 576 740 615 et
764 574 940 616 honoris
970 590 1099 617 causa
1118 574 1394 641 appellasti?

53 631 166 685 quod
201 645 326 672 nemo
364 631 449 673 nisi
487 634 562 674 aut
596 632 902 675 honestissimo
936 637 1010 675 aut
1043 633 1303 676 amicissimo
1334 632 1394 674 fa-

53 704 146 732 cere
171 690 403 732 consuevit.
461 689 552 739 Qua
576 691 622 732 in
652 705 698 732 10
729 691 836 732 1111111
866 692 1043 734 ridicule
1076 707 1120 734 es
1152 693 1270 734 visus
1302 705 1395 734 esse
1423 699 1464 730 19

51 748 320 802 inconstans,
364 749 438 803 qui
480 749 658 791 eundem
704 752 746 790 et
783 750 974 792 laederes
1013 753 1056 792 et
1093 751 1308 804 laudares,
1353 752 1396 792 et

51 806 193 849 virum
232 807 444 862 optimum
483 810 525 849 et
562 807 781 849 hominem
811 808 1182 863 improbissimum
1214 823 1306 850 esse
1339 808 1396 849 di-

52 879 180 908 ceres.
234 865 430 907 Eundem
455 869 504 908 tu
534 869 576 908 et
607 866 783 908 honoris
816 882 946 909 causa
978 868 1231 922 appellabas
1264 869 1307 909 et
1337 867 1396 908 vi·

52 938 148 966 rum
184 924 440 979 primarium
478 939 570 966 esse
605 925 775 967 dicebas
809 928 852 966 et
884 926 1047 968 socium
1078 926 1300 968 fraudasse
1333 940 1396 967 ar-

53 983 246 1038 guebas?
303 982 401 1038 Sed,
444 986 494 1025 ut
531 984 701 1038 opinor,
742 984 913 1026 laudem
949 985 1125 1026 veritati
1161 984 1396 1038 tribuebas,

53 1041 215 1084 crimen
259 1042 426 1097 gratiae
465 1042 745 1096 concedebas3
789 1043 839 1084 de
876 1043 975 1097 hoc,
1018 1046 1067 1084 ut
1105 1043 1396 1097 existimabaS,

55 1100 353 1155 praedicabas,
386 1100 601 1143 Chaereae
633 1101 849 1143 arbitratu
881 1115 1055 1143 causam
1087 1102 1260 1157 agebas,

139 1158 376 1201 Fraudavit
401 1159 601 1201 Roscius!
644 1159 725 1201 Est
751 1160 832 1202 1100
865 1160 1035 1215 quidem
1066 1161 1255 1215 primum
1287 1159 1397 1201 auri-
1423 1163 1447 1204 7

52 1217 133 1259 bus
177 1218 416 1272 animisque
458 1219 648 1260 omnium
686 1219 932 1261 absurdum.
1000 1218 1110 1268 Quid
1149 1219 1185 1260 si
1222 1218 1397 1261 tandem

54 1276 242 1331 aliquem
275 1276 451 1319 divitem
482 1277 699 1330 timidum,
737 1277 996 1332 dementem,
1030 1278 1214 1319 inertem
1244 1280 1396 1319 nactus

53 1337 185 1390 esset,
230 1335 303 1389 qui
346 1335 531 1391 experiri
572 1350 660 1378 non
702 1337 878 1391 posset?
941 1336 1105 1378 Tamen
1147 1336 1396 1378 incredibile

54 1397 178 1436 esset.
233 1393 396 1436 Verum
433 1397 596 1448 tamen,
635 1410 761 1449 quem
791 1395 1022 1450 fraudarit,
1059 1395 1292 1437 videamus.
1349 1393 1394 1436 C.
1421 1404 1466 1435 20

53 1452 265 1494 Fannium
291 1451 529 1495 Chaeream
554 1453 734 1495 Roscius
760 1453 996 1496 fraudavit!
1046 1452 1132 1496 Oro
1163 1456 1292 1508 atque
1325 1453 1397 1495 ob-

54 1526 172 1554 secro
193 1526 282 1566 vos,
309 1512 381 1566 qui
400 1512 551 1566 nostis,
576 1512 712 1554 vitam
734 1513 848 1554 inter
873 1527 918 1554 se
944 1513 1168 1567 utriusque
1194 1511 1397 1566 conferte,

55 1570 129 1625 qui
159 1584 248 1612 non
278 1571 436 1625 nostis,
466 1570 621 1613 faciem
652 1571 876 1626 utriusque
909 1571 1188 1613 considerate.
1243 1571 1397 1613 Nonne

51 1629 195 1684 ipsum
239 1632 368 1685 caput
412 1632 455 1671 et
495 1630 724 1685 supercilia
761 1630 839 1671 illa
874 1630 1048 1685 penitus
1087 1630 1244 1672 abrasa
1281 1630 1397 1672 olere

53 1687 267 1730 malitiam
304 1690 348 1730 et
382 1688 604 1731 clamitare
637 1689 920 1731 calliditatem
950 1689 1180 1730 videntur?
1223 1703 1311 1730 non
1342 1688 1396 1730 ab

53 1747 152 1788 imis
190 1747 406 1803 unguibus
438 1762 574 1802 usque
606 1747 660 1789 ad
690 1748 895 1790 verticem
927 1762 1159 1802 summum,
1199 1748 1236 1789 si
1268 1762 1394 1802 quam

54 1806 344 1849 coniecturam
389 1806 514 1848 affert
555 1806 803 1848 hominibus
841 1806 977 1849 tacita
1014 1807 1206 1862 corporis
1244 1807 1397 1861 figura,

54 1878 105 1906 ex
131 1864 293 1919 fraude,
323 1864 521 1919 fallaciis,
553 1865 785 1907 mendaciis
818 1868 1017 1908 constare
1047 1868 1167 1907 totus
1200 1865 1396 1906 videtur?

54 1923 127 1978 qui
164 1923 322 1966 idcirco
362 1924 577 1979 capitevet
609 1924 848 1979 superciliis
882 1939 1049 1979 semper
1081 1926 1148 1965 est
1178 1924 1306 1977 rasis,
1343 1938 1397 1965 ne

52 1982 190 2024 ullum
215 1982 353 2038 pilum
378 1983 460 2024 viri
485 1982 588 2024 boni
613 1983 771 2024 habere
801 1983 985 2037 dicatur3
1017 1983 1135 2024 0111113
1167 1996 1395 2037 personam

53 2041 272 2096 praeclare
301 2041 482 2083 Roscius
514 2042 560 2082 in
592 2056 746 2083 scaena
776 2044 964 2084 tractare
997 2041 1230 2096 consuevit,
1261 2055 1397 2096 neque

53 2101 199 2142 tamen
246 2114 326 2155 pro
375 2100 581 2142 beneficio
630 2101 668 2142 ei
710 2115 790 2155 par
834 2100 977 2156 gratia
1019 2100 1215 2142 refertur.
1282 2099 1397 2141 Nam

54 2156 296 2201 Ballionem
333 2159 458 2201 illum
489 2159 860 2214 improbissimum
892 2161 935 2201 et
966 2159 1310 2214 periurissimum
1341 2159 1398 2199 le-

53 2230 209 2259 nonem
246 2232 342 2260 cum
380 2219 493 2274 agit,
531 2218 624 2274 agit
659 2217 913 2271 Chaeream3
951 2232 1136 2273 persona
1171 2218 1251 2259 illa
1286 2217 1398 2259 lutu-

54 2274 184 2330 lenta,
208 2276 390 2332 impura,
415 2277 555 2319 invisa
579 2277 626 2318 in
650 2276 777 2319 huius
804 2276 1009 2331 moribus,
1040 2279 1198 2318 natura
1222 2276 1397 2331 vitaque
