1618 2584
64 564 106 594 58

66 1416 120 1455 23

68 1469 84 1497 5
90 1467 138 1501 9,„'

132 224 218 264 450
529 222 580 256 IN
607 222 643 256 0.
669 222 871 256 VERREM
899 222 1005 258 Aer.
1032 223 1076 257 11.

131 319 270 373 fuisti3
303 321 490 374 arguunt
522 321 698 367 ceterae,
732 333 891 372 paucae
925 320 968 359 et
999 333 1155 371 parvae
1188 322 1230 360 et
1262 322 1379 361 metu
1411 335 1470 362 10-

135 392 305 432 pressae
334 379 474 429 silent,
506 391 590 417 una
623 377 781 417 laudat.
832 376 926 418 Hoc
959 377 1059 431 quid
1092 380 1158 418 est
1189 378 1272 418 nisi
1304 378 1470 420 intelle-

134 451 251 491 gere,
284 436 384 490 quid
416 435 575 476 habeat
607 435 811 476 utilitatis
844 450 945 476 vera
978 436 1189 489 laudatio,
1221 436 1294 477 secl
1327 440 1472 478 tamen

132 496 195 536 ita
232 494 477 550 provinciae
516 493 771 548 praefuisse,
808 496 856 534 ut
893 494 972 535 hac
1008 495 1198 535 utilitate
1230 496 1470 537 necessario

134 554 190 595 sit
235 552 493 595 carendum?
555 552 736 606 Deinde,
782 552 895 606 quod
940 552 1024 593 alio
1069 554 1162 594 1000
1209 556 1335 594 antea
1374 555 1506 608 dixi,5

135 626 242 667 quae
263 615 329 652 est
350 612 434 651 ista
454 611 625 651 tandem
648 611 853 665 laudatio,
880 612 1030 664 quoius
1053 611 1313 653 laudationis
1337 613 1472 668 legati

134 673 176 712 et
202 670 417 723 principes
445 672 487 710 et
516 669 685 723 publice
718 670 799 710 tibi
830 684 983 711 navem
1016 670 1283 711 aedificatam
1316 673 1358 711 et
1390 672 1473 725 pri-

134 730 267 770 vatim
320 743 363 769 se
413 728 530 781 ipsos
575 729 651 769 abs
697 731 739 769 te
788 728 997 781 spoliatos
1043 729 1336 783 expilatosque
1382 744 1472 771 esse

135 787 361 828 dixerunt?
418 786 643 827 Postremo
683 786 784 840 quid
822 787 937 828 aliud
975 787 1048 827 isti
1083 787 1263 840 faciunt,
1303 803 1396 829 cum
1430 791 1471 829 te

135 846 216 887 soli
261 861 310 886 cx
352 844 498 887 Sicilia
542 846 739 899 laudant,
782 845 866 886 nisi
910 846 1158 887 testimonio
1202 847 1327 887 nobis
1373 850 1470 888 30111
1513 864 1526 883 2}

136 905 278 945 omnia
315 907 358 945 te
397 904 480 945 sibi
518 918 610 945 esse
649 904 874 959 largitum,
914 919 1020 958 quae
1059 907 1105 945 tu
1142 904 1191 946 de
1224 919 1268 945 re
1302 906 1474 959 publica

134 966 284 1005 nostra
328 963 592 1004 detraxeris?
662 962 777 1011 Quae
822 963 990 1004 colonia
1034 966 1099 1004 est
1136 963 1180 1003 in
1217 962 1346 1004 Italia
1384 967 1473 1005 tam

139 1022 248 1063 bono
285 1023 394 1075 iure,
433 1022 545 1075 quod
577 1024 668 1063 tam
701 1022 888 1062 immune
921 1021 1216 1075 municipium,
1256 1023 1367 1076 quod
1400 1038 1475 1076 per

134 1081 262 1122 hosce
301 1095 436 1121 annos
476 1084 565 1121 tam
599 1080 822 1121 commoda
854 1081 1077 1121 vacatione
1111 1081 1300 1121 omnium
1333 1096 1473 1122 rerum

136 1139 192 1180 sit
236 1153 361 1180 usum
407 1154 534 1193 quam
572 1139 831 1180 Mamertina
873 1139 1054 1180 civitas?
1122 1138 1203 1179 Per
1241 1140 1473 1181 triennium
1582 1141 1583 1160 ³

136 1198 234 1252 3011,
273 1213 322 1239 ex
360 1197 529 1239 foedere
568 1198 680 1251 quod
719 1198 974 1251 debuerunt,
1012 1212 1098 1238 11011
1134 1198 1355 1252 dederunt,
1395 1199 1475 1240 soli

135 1258 219 1298 isto
264 1259 462 1311 praetore
502 1258 692 1297 omnium
731 1271 872 1297 rerum
911 1258 1120 1297 immunes
1160 1257 1348 1311 fuerunt,
1395 1258 1476 1299 soli

135 1316 180 1356 in
217 1315 342 1356 istius
380 1315 560 1369 imperio
600 1330 648 1356 ea
687 1315 932 1356 condicione
971 1315 1185 1368 vixerunt,
1230 1318 1277 1356 ut
1314 1317 1473 1370 populo

136 1374 331 1415 Romano
364 1374 471 1414 nihil
506 1374 673 1427 darent,
707 1373 831 1414 Verri
864 1373 971 1414 1111111
1004 1377 1224 1428 negarent.

137 1494 346 1544 revertar,
384 1490 587 1543 accepisti
620 1506 644 1531 a
676 1490 946 1531 Mamertinis
978 1505 1131 1531 navem
1165 1494 1314 1532 contra
1346 1493 1474 1547 leges,

136 1549 341 1591 remisisti
380 1552 530 1590 contra
567 1550 750 1590 foedera.
812 1548 879 1590 lta
916 1549 959 1589 in
992 1564 1076 1590 una
1111 1549 1284 1591 civitate
1316 1550 1382 1591 bis
1416 1551 1475 1591 in-

137 1609 297 1663 probus
330 1608 469 1662 fuisti,
508 1623 603 1649 cum
635 1611 678 1649 et
710 1608 932 1662 remisisti,
972 1608 1084 1662 quod
1116 1623 1202 1649 000
1234 1610 1474 1663 oportebat,

137 1670 180 1708 et
219 1667 438 1720 accepisti,
479 1667 591 1720 quod
629 1682 715 1707 11011
752 1666 920 1708 licebat.
983 1666 1165 1721 Exigere
1204 1670 1246 1708 te
1283 1669 1475 1722 oportuit

225 1433 386 1473 Verum
413 1434 460 1473 ut
487 1433 539 1473 ad
566 1433 759 1485 classem,
793 1447 875 1485 quo
909 1447 958 1472 ex
991 1433 1084 1473 1000
1118 1447 1211 1473 3001
1245 1433 1508 1488 (1131·033113,1

136 1741 301 1779 navem,
334 1740 440 1780 quae
473 1729 622 1766 contra
654 1725 902 1779 praedones,
932 1739 1019 1766 non
1052 1740 1158 1779 quae
1191 1740 1285 1767 0001
1318 1727 1476 1780 praeda
1496 1739 1527 1762 25

136 1785 380 1840 navigaret,
418 1799 525 1838 quae
566 1784 826 1837 defenderet,
863 1799 915 1825 ne
951 1785 1172 1838 provincia
1205 1785 1474 1838 spoliaretur,

136 1858 222 1884 11011
262 1858 368 1897 quae
404 1843 647 1897 provinciae
680 1843 818 1896 spolia
850 1845 1054 1896 portaret.
1116 1843 1362 1884 Mamertini
1394 1844 1475 1885 tibi

138 1905 181 1942 et
218 1902 384 1954 urbem,
428 1916 509 1954 quo
548 1901 664 1942 furta
701 1901 886 1954 undique
926 1901 1191 1955 deportares,
1231 1904 1273 1942 et
1309 1917 1474 1956 navem,

137 1961 181 2001 in
225 1975 307 2014 qua
346 1962 612 2014 exportares,
656 1960 962 2013 praebuerunt3
1006 1960 1113 2001 illud
1152 1960 1232 2000 tibi
1271 1961 1473 2015 oppidum

138 2019 452 2071 receptaculum
490 2018 673 2072 praedae
705 2018 805 2071 fuit,
842 2018 907 2058 illi
940 2018 1133 2059 homines
1166 2021 1300 2060 testes
1333 2022 1473 2060 custo—

138 2078 293 2131 desque
320 2078 547 2131 furtorum,
580 2077 644 2117 illi
671 2077 750 2117 tibi
783 2079 825 2118 et
856 2077 996 2118 1000111
1029 2077 1156 2118 furtis
1189 2080 1231 2118 et
1262 2077 1473 2119 furtorum

137 2136 379 2177 vehiculum
425 2137 794 2190 comparaverunt.
862 2135 1013 2189 Itaque
1058 2151 1110 2177 ne
1155 2139 1247 2177 tum
1293 2137 1474 2190 quidem,

137 2209 233 2236 0001
289 2195 471 2235 classem
528 2194 711 2235 avaritia
767 2209 814 2235 ac
869 2194 1061 2247 nequitia
1110 2197 1185 2235 tua
1240 2195 1475 2249 perdidisti,

137 2252 406 2294 Mamertinis
434 2268 586 2294 navem
612 2252 822 2306 imperare
850 2268 977 2293 ausus
1005 2267 1066 2306 es,
1101 2268 1182 2307 quo
1210 2256 1402 2307 tempore
1431 2254 1475 2294 in

139 2314 261 2352 tanta
298 2312 444 2365 inopia
480 2312 654 2352 navium
693 2314 899 2365 tantaque
938 2311 1184 2352 calamitate
1220 2312 1474 2366 provinciae,

140 2370 308 2410 etiamsi
347 2370 538 2423 precario
578 2373 720 2410 essent
756 2369 954 2424 rogandi,
993 2373 1137 2411 tamen
1175 2371 1229 2411 ab
1262 2370 1313 2410 iis
1346 2371 1475 2425 impe-

140 2431 337 2469 traretur.
394 2428 675 2484 Reprimebat
710 2428 820 2469 enim
856 2428 936 2468 tibi
970 2431 1011 2469 et
1043 2429 1281 2483 imperandi
1314 2429 1401 2470 vim
1434 2431 1476 2470 et

1494 2031 1526 2056 30

1495 2323 1527 2349 35
