1618 2584
424 221 512 256 121ss.
536 222 585 257 IV
622 221 722 257 CAP.
745 226 836 257 3-6
863 226 882 265 ἓ
909 226 1034 257 6-11.
1319 222 1403 263 367

61 332 185 359 omne
212 320 452 374 argentum,
483 333 643 369 aurum,
671 318 787 372 ebur,
821 332 1013 374 gemmas
1040 320 1264 370 coemeret,
1295 318 1404 359 nihil

60 377 258 431 cuiquam
297 377 576 431 relinqueret!
632 376 748 418 Haec
789 378 902 418 enim
940 377 1045 418 mihi
1077 376 1130 418 ad
1162 378 1306 418 omnia
1338 377 1406 418 de-

58 435 195 476 fensio
222 435 417 490 patefieri
447 436 632 490 videtur,
666 436 831 477 emisse.
888 436 1098 489 Primum,
1130 436 1166 476 si
1198 435 1258 488 id,
1292 435 1405 489 quod

59 495 142 548 vis,
180 494 260 535 tibi
300 509 379 550 ego
420 495 665 547 concedam,
702 497 750 535 ut
789 495 958 549 emeris,
997 494 1199 549 quoniam
1235 494 1280 535 in
1310 498 1404 535 toto

24 553 141 594 5hoc
186 567 339 608 genere
382 553 463 595 hac
505 568 591 595 una
635 552 879 595 defensione
923 568 1076 595 usurus
1121 568 1183 606 es,
1234 567 1406 606 quaero,

60 612 178 653 cuius
205 612 320 653 modi
346 615 394 653 tu
423 612 579 654 iudicia
610 612 772 653 Romae
805 613 971 667 putaris
1006 627 1110 664 esse,
1142 612 1179 653 si
1210 612 1293 653 tibi
1323 611 1405 653 1100

61 686 319 725 quemquam
346 685 645 713 concessurum
678 672 856 726 putasti,
888 675 931 713 te
963 671 1008 712 in
1040 675 1243 725 praetura
1275 672 1405 724 atque

59 729 239 784 imperio
284 732 351 771 tot
394 744 462 771 res
505 733 597 771 tam
638 730 870 784 pretiosas,
914 745 1061 772 omnes
1103 730 1283 784 denique
1325 744 1406 783 res,

0 803 2 851 L
61 803 169 842 quae
190 788 368 830 alicuius
388 789 518 843 pretii
537 789 709 843 fuerint,
734 792 829 830 tota
850 804 900 830 ex
923 789 1144 843 provincia
1181 793 1399 836 coemisse.

10 859 40 883 10
149 847 302 889 Videte
341 848 552 889 maiorum
591 848 877 903 diligentiam,
918 849 991 902 qui
1027 847 1238 889 nihildum
1275 848 1404 889 etiam

59 906 184 948 istius
234 907 349 948 modi
400 907 748 961 suspicabantur,
796 922 943 948 verum
987 909 1134 948 tamen
1180 921 1247 960 ea,
1298 920 1405 960 quae

60 965 204 1018 parvis
230 965 274 1006 in
302 966 429 1007 rebus
457 966 645 1007 accidere
671 968 886 1021 poterant,
915 966 1213 1020 providebant.
1263 964 1407 1006 Nemi-

59 1039 176 1077 nem,
216 1025 288 1078 qui
327 1040 421 1066 cum
453 1027 672 1080 potestate
707 1028 781 1066 aut
815 1026 1031 1081 legatione
1063 1025 1108 1066 in
1140 1024 1405 1080 provinciam

61 1086 174 1124 esset
218 1084 454 1138 profectus,
501 1087 592 1125 tam
637 1087 850 1125 amentem
896 1085 986 1125 fore
1031 1086 1310 1138 putaverunt,
1359 1087 1406 1124 ut

9 1152 42 1178 15
63 1145 223 1183 emeret
244 1147 470 1198 argentum
493 1142 695 1196 (dabatur
722 1143 834 1184 enim
863 1143 912 1184 de
938 1143 1143 1198 publico),
1169 1145 1217 1184 ut
1242 1145 1407 1183 vestem

62 1200 368 1256 (praebebatur
401 1202 514 1242 enim
546 1201 746 1258 legibus),
779 1202 1039 1256 mancipium
1071 1203 1291 1256 putarunt,
1323 1215 1407 1254 quo

62 1264 105 1301 et
145 1274 292 1302 omnes
331 1261 493 1301 utimur
529 1264 572 1302 et
602 1276 689 1302 non
720 1261 953 1315 praebetur
985 1276 1011 1302 a
1042 1261 1222 1315 populo;
1262 1274 1408 1301 sanxe-

62 1322 174 1372 runt,
204 1334 257 1360 ne
289 1320 384 1373 quis
418 1322 578 1360 emeret
608 1320 693 1361 nisi
725 1320 769 1360 in
803 1320 1016 1361 demortui
1049 1320 1203 1361 locum.
1259 1318 1303 1360 Si
1337 1318 1409 1372 qui

61 1378 225 1419 Romae
253 1382 365 1420 esset
391 1378 668 1420 demortuus?
718 1378 869 1433 Immo,
902 1379 938 1420 si
965 1378 1059 1432 quis
1088 1378 1259 1419 ibidem.
1309 1376 1409 1419 Non

15 1445 44 1472 20
64 1437 176 1478 enim
197 1439 240 1478 te
266 1438 478 1479 instruere
505 1438 680 1479 domum
706 1440 825 1479 tuam
851 1438 1081 1479 voluerunt
1106 1437 1151 1478 in
1176 1437 1410 1492 provincia,

65 1496 137 1537 sed
162 1496 287 1538 illum
314 1511 439 1538 usum
465 1497 710 1551 provinciae
743 1497 954 1551 supplere.
1005 1495 1122 1544 Quae
1154 1496 1237 1537 fuit
1269 1510 1409 1548 causa,
1438 1497 1480 1527 10

64 1570 137 1597 cur
175 1557 265 1597 tam
305 1555 535 1611 diligenter
572 1570 649 1597 nos
688 1556 733 1596 in
764 1556 997 1610 provinciis
1032 1556 1084 1596 ab
1119 1555 1408 1609 emptionibus

63 1614 362 1656 removerent?
412 1614 541 1668 Haec,
566 1614 737 1667 iudices,
765 1615 878 1669 quod
904 1615 1119 1669 putabant
1146 1614 1410 1667 ereptionem

65 1687 174 1726 esse,
223 1688 310 1715 non
354 1674 634 1728 emptionem,
678 1688 774 1715 cum
818 1674 1031 1715 venditori
1076 1687 1151 1714 suo
1198 1673 1411 1713 arbitratu

21 1742 45 1769 .5
63 1732 245 1774 vendere
271 1747 358 1774 non
384 1733 542 1774 liceret.
592 1732 644 1773 In
669 1732 915 1787 provinciis,
940 1732 1266 1787 intellegebant,
1301 1732 1335 1772 si
1361 1731 1411 1784 is,

65 1792 138 1845 qui
166 1794 279 1833 esset
305 1806 400 1833 cum
426 1791 607 1846 imperio
635 1806 683 1833 ac
715 1794 944 1846 potestate,
977 1791 1090 1845 quod
1123 1791 1235 1845 apud
1269 1805 1410 1844 quem-

65 1865 146 1905 que
173 1853 298 1905 esset,
331 1865 469 1892 emere
495 1850 628 1891 vellet
653 1850 779 1904 idque
807 1850 844 1891 ei
876 1850 1034 1903 liceret,
1066 1849 1157 1891 fore
1190 1849 1265 1903 uti,
1299 1848 1411 1903 quod

65 1909 244 1964 quisque
270 1910 413 1963 vellet,
443 1909 532 1951 sive
559 1912 672 1951 esset
698 1910 848 1951 venale
875 1909 964 1950 sive
991 1924 1078 1950 non
1104 1911 1229 1962 esset,
1262 1908 1412 1962 quanti

65 1969 214 2022 vellet,
248 1968 446 2010 auferret.

27 2038 47 2064 -0
152 2028 279 2070 Dicet
317 2027 490 2082 aliquis:
529 2026 654 2068 ‘Noli
691 2027 776 2069 isto
816 2027 942 2068 modo
977 2041 1104 2082 agere
1137 2042 1232 2068 cum
1264 2025 1412 2079 Verre,

64 2087 154 2128 noli
182 2087 269 2128 eius
302 2086 417 2128 facta
450 2086 503 2127 ad
536 2086 738 2140 antiquae
770 2086 993 2141 religionis
1026 2086 1238 2127 rationem
1272 2084 1413 2138 exqui-

65 2160 176 2199 rere3
203 2146 395 2200 concede,
421 2148 469 2187 ut
488 2145 662 2199 impune
690 2145 852 2198 emerit,
879 2145 1005 2186 modo
1032 2148 1080 2186 ut
1105 2145 1220 2186 bona
1246 2143 1412 2185 ratione

67 2205 235 2260 emerit,
267 2205 376 2246 nihil
403 2219 480 2259 pro
513 2206 748 2258 potestate,
779 2204 889 2245 nihil
923 2204 975 2245 ab
1009 2204 1164 2257 invito,
1195 2202 1304 2244 nihil
1336 2216 1412 2256 per

19 2290 21 2295 ·
66 2263 294 2306 iniuriam.²
352 2262 420 2305 Sic
454 2278 599 2318 agam3
633 2263 669 2304 si
702 2263 802 2317 quid
834 2263 983 2304 venale
1015 2262 1169 2304 habuit
1196 2261 1344 2315 Heius,
1377 2261 1413 2302 si

20 2322 122 2377 .5id,
154 2323 305 2378 quanti
334 2322 606 2376 aestimabat,
639 2322 751 2363 tanti
783 2322 985 2375 vendidit,
1018 2321 1164 2362 desino
1199 2334 1412 2374 quaerere,

68 2396 142 2423 cur
186 2382 350 2423 emeris.
413 2381 523 2430 Quid
560 2381 694 2436 igitur
730 2381 855 2422 nobis
893 2380 1135 2422 faciendum
1172 2379 1266 2420 est?
1311 2394 1413 2420 num
1441 2410 1479 2439 11

21 2455 25 2482 ι
68 2441 334 2497 argumentis
373 2441 578 2483 utendum
616 2440 661 2482 in
698 2454 744 2482 re
780 2440 868 2481 eius
903 2439 1047 2481 modi?
1104 2437 1413 2488 Quaerendum,

1432 827 1459 909 ξ’
