1618 2584
446 246 533 281 LII-3.
562 247 594 280 Π
632 246 732 281 CAP.
761 251 897 281 36—39
924 250 942 288 ξ
968 250 1117 281 ssi-95.
1362 247 1446 287 233

113 344 228 384 videt
252 357 337 384 non
364 342 522 395 adesse,
557 342 702 384 dolore
730 343 875 383 ardere
903 346 1029 396 atque
1056 342 1274 384 iracundia
1305 342 1445 383 furere

113 402 263 456 coepit,
294 401 501 442 Venerios
535 401 707 442 domum
739 400 887 442 Stheni
921 403 1102 455 mittere,
1135 401 1254 455 equis
1287 401 1445 442 circum

113 475 238 515 agros
270 460 358 501 eius
391 460 602 514 villasque
637 461 862 501 dimittere.
920 461 1071 514 ltaque
1104 460 1204 501 dum
1238 463 1445 514 expectat,

112 519 313 573 quidnam
365 519 446 560 sibi
497 519 599 560 certi
651 520 885 573 adferafflw,
936 524 1033 560 ante
1075 519 1228 561 horam
1272 519 1445 559 tertiam

75 591 90 615 5
110 578 247 619 noctis
276 578 324 618 dc
350 577 444 619 foro
470 593 556 619 non
583 578 770 618 discedit.
820 578 1033 619 Postridie
1061 593 1184 619 mane
1211 578 1445 631 descendit,

111 637 380 692 Agathinum
408 637 460 677 ad
487 651 531 677 se
557 639 693 689 vocat,
727 637 846 677 iubet
873 652 968 677 eum
996 638 1045 678 de
1072 637 1228 678 litteris
1263 636 1445 690 publicis

109 697 153 736 in
186 696 408 736 absentem
435 694 658 735 Sthenium
692 695 840 736 dicere.
897 696 1004 736 Erat
1038 696 1125 737 eius
1160 695 1274 737 modi
1306 710 1445 747 causa,

109 757 157 795 ut
183 755 256 795 ille
282 769 334 794 ne
360 754 450 794 sine
478 754 720 794 adversario
749 754 918 807 quidem
948 755 1060 809 apud
1092 755 1310 796 inimicum
1341 754 1444 795 iudi-

110 827 199 854 cem
220 813 406 867 reperire
433 815 589 865 posset,
618 812 718 866 quid
746 813 920 865 diceret,
947 814 1091 867 itaque
1118 816 1288 854 tantum
1316 813 1443 854 verbo
1471 822 1516 852 93

57 885 89 908 10
110 872 265 924 posuit,
298 870 525 912 Sacerdote
557 875 756 925 praetore
790 871 1013 912 Sthenium
1048 873 1217 913 litteras
1250 872 1444 925 publicas

109 931 360 984 corrupisse.
409 929 493 970 Vix
524 930 598 971 ille
631 930 710 971 hoc
743 930 919 983 dixerat,
952 946 1047 971 cum
1079 932 1160 972 iste
1193 931 1445 985 pronuntiat

109 988 352 1030 STHENIUM
368 1000 600 1030 LITTERAS
627 1000 850 1030 PUBLICAS
879 1001 1155 1032 CORRUPISSE
1189 1002 1369 1043 VIDERI,
1403 992 1445 1030 et

107 1048 188 1089 hoc
220 1050 442 1102 praeterea
474 1048 592 1088 addit
623 1048 751 1089 homo
782 1047 989 1089 Venerius
1021 1063 1131 1090 novo
1165 1049 1290 1090 modo
1323 1048 1443 1089 nullo

109 1107 320 1160 exemplo,
359 1106 423 1147 ΟΒ
462 1119 556 1147 EAM
590 1118 684 1147 REM
722 1106 794 1148 HS
827 1119 857 1147 D
892 1107 1074 1148 VENERI
1106 1108 1347 1148 ERYCINAE
1386 1119 1444 1148 DE

57 1178 88 1202 15>
109 1165 280 1207 STHENI
322 1177 457 1207 BONIS
497 1175 566 1209 SE
601 1177 901 1219 EXACTURUM,
945 1167 1141 1220 bonaque
1175 1166 1263 1207 eius
1297 1166 1445 1207 statim

108 1225 249 1279 coepit
297 1224 496 1277 vendere,
548 1227 590 1265 et
631 1225 909 1278 vendidisset,
960 1226 996 1265 si
1039 1226 1255 1266 tantulum
1300 1240 1445 1266 morae

106 1284 277 1337 fuisset,
316 1296 397 1337 quo
438 1284 577 1324 minus
617 1283 654 1324 ei
691 1284 871 1338 pecunia
901 1284 978 1324 illa
1010 1287 1319 1326 numeraretur.
1379 1284 1445 1325 Ea
1472 1287 1516 1317 94

108 1345 388 1396 posteaquam
430 1345 656 1383 numerata
702 1346 783 1395 est,
828 1346 1055 1384 contentus
1100 1343 1179 1385 hac
1216 1344 1445 1397 iniquitate

107 1402 188 1442 iste
214 1416 300 1442 non
324 1401 425 1454 fuit3
458 1402 603 1455 palam
636 1402 888 1455 pronuntiat
921 1402 971 1443 de
1004 1403 1112 1443 sella
1144 1417 1193 1444 ac
1225 1402 1446 1455 tribunali,

54 1460 155 1502 2081
200 1471 300 1509 QUIS
345 1471 586 1501 ABSENTEM
629 1459 869 1502 STHENIUM
912 1473 989 1502 REI
1035 1473 1274 1503 CAPITALIS
1320 1473 1445 1502 REUM

109 1529 287 1559 FACERE
326 1530 525 1571 VELLET,
562 1530 670 1560 SESE
703 1531 804 1561 EIUS
838 1531 1001 1561 NOMEN
1034 1532 1363 1571 RECEPTURUM,
1402 1523 1445 1561 et

108 1577 255 1631 simul,
297 1581 346 1618 ut
390 1577 442 1618 ad
486 1592 658 1619 causam
703 1578 920 1619 accederet
963 1594 1203 1633 nomenque
1248 1579 1444 1632 deferret,

107 1636 395 1691 Agathinum,
438 1651 596 1678 novum
635 1636 817 1678 adfinem
857 1640 985 1691 atque
1023 1638 1259 1692 hospitem,
1304 1638 1445 1692 coepit

107 1695 285 1736 hortari.
351 1695 460 1736 Tum
503 1695 577 1736 ille
622 1696 734 1737 clare
773 1696 970 1737 omnibus
1010 1697 1280 1738 audientibus
1320 1711 1364 1738 se
1401 1697 1445 1737 id

54 1765 86 1790 25
107 1768 193 1795 non
231 1768 322 1795 esse
358 1753 590 1807 facturum,
628 1769 764 1808 neque
803 1769 847 1796 se
885 1770 1018 1809 usque
1058 1770 1105 1797 eo
1139 1754 1316 1797 Sthenio
1352 1770 1444 1796 esse

106 1813 343 1866 inimicum,
382 1815 429 1853 ut
468 1827 564 1854 eum
600 1814 662 1854 rei
701 1814 897 1868 capitalis
935 1815 1106 1855 affinem
1145 1829 1237 1856 esse
1275 1815 1443 1856 diceret.

106 1870 189 1913 Hic
232 1874 324 1912 tum
367 1874 542 1926 repente
585 1871 772 1914 Pacilius
817 1873 1007 1926 quidam,
1053 1874 1182 1915 homo
1228 1888 1357 1929 egens
1402 1876 1444 1914 et

106 1930 231 1983 levis,
270 1930 449 1984 accedit,
487 1931 565 1985 ait,
604 1931 640 1972 si
672 1931 836 1985 liceret,
870 1932 1060 1973 absentis
1091 1947 1248 1974 nomen
1280 1932 1443 1973 deferre

0 2023 2 2046 ζ
107 2003 151 2030 56
183 1989 305 2030 velle.
361 1988 448 2030 Iste
485 2004 583 2031 vero
618 1992 660 2030 et
692 1990 818 2031 licere
851 1994 893 2031 et
924 1991 1017 2032 fieri
1050 1992 1198 2045 solere,
1232 1994 1273 2032 et
1306 2006 1350 2032 se
1382 2006 1443 2032 re-

1 2099 3 2102 ,
54 2060 86 2084 30
107 2051 347 2103 cepturum3
381 2048 527 2102 itaque
561 2049 767 2103 defertur,
800 2049 927 2091 edicit
959 2051 1124 2103 statim,
1157 2053 1205 2092 ut
1236 2050 1442 2091 Kalendis

104 2106 414 2148 Decembribus
436 2107 548 2148 adsit
567 2107 766 2149 Sthenius
789 2107 1020 2162 Syracusis.
1053 2109 1147 2163 Hic,
1168 2109 1240 2163 qui
1260 2109 1441 2150 Romam
1469 2111 1513 2141 95

105 2166 371 2220 pervenisset
392 2166 581 2220 satisque
601 2166 783 2208 feliciter
807 2168 907 2208 anni
932 2168 1018 2209 iam
1045 2169 1223 2209 adverso
1249 2171 1442 2222 tempore

104 2225 356 2280 navigasset
377 2225 602 2279 omniaque
623 2226 846 2267 habuisset
866 2227 1068 2280 aequiora
1095 2230 1136 2268 et
1161 2227 1443 2281 placabiliora

107 2298 234 2338 quam
267 2284 457 2325 animum
489 2285 700 2339 praetoris
734 2288 861 2339 atque
893 2285 1096 2340 hospitis,
1132 2301 1222 2326 rem
1256 2286 1308 2327 ad
1340 2286 1441 2327 ami-

55 2353 86 2378 35
107 2357 177 2384 cos
205 2358 302 2385 suos
336 2343 508 2397 detulit,
542 2358 666 2398 quae,
699 2349 746 2384 ut
778 2346 870 2385 erat
903 2345 1055 2385 acerba
1088 2348 1130 2386 et
1160 2345 1348 2400 indigna,
1382 2345 1442 2387 sic

105 2401 332 2443 videbatur
364 2403 572 2444 omnibus

193 2459 344 2515 Itaque
367 2461 411 2502 in
433 2464 582 2503 senatu
609 2462 810 2504 continuo
832 2461 905 2505 Cn.
920 2462 1126 2504 Lentulus
1155 2466 1196 2504 et
1215 2462 1260 2504 L.
1277 2463 1439 2505 Gellius
1456 2467 1508 2509 39
