1618 2584
452 216 540 250 ΜΒ.
567 216 617 250 111
662 217 761 252 CAP.
788 222 878 252 4-6
905 222 924 260 §
951 221 1075 254 8-14.
1349 219 1435 261 275

178 312 406 354 Neminem
433 314 626 354 vestrum
662 314 882 367 praeterit,
912 313 1084 366 iudices,
1118 328 1286 356 omnem
1319 316 1433 356 utili-

90 373 224 413 tatem
264 371 688 425 oportunitatemque
726 373 970 427 provinciae
1006 371 1192 427 Siciliae,
1232 388 1339 427 quae
1378 375 1430 415 ad

91 429 313 472 commoda
351 430 502 484 populi
539 429 725 471 Romani
764 431 964 472 adiuncta
1001 431 1075 484 sit,
1114 432 1348 473 consistere
1385 433 1429 473 in

90 503 134 529 1·6
159 488 443 530 frumentaria
468 489 669 542 maxime3
702 503 802 530 nam
832 490 984 531 ceteris
1017 490 1144 532 rebus
1177 491 1429 532 adiuvamur

54 557 70 581 ⁵
93 561 140 588 ex
167 547 245 588 illa
270 547 503 601 provincia,
535 547 617 588 hac
641 561 742 589 vero
776 548 932 589 alimur
964 563 1012 590 ac
1044 549 1316 590 sustinemur.
1366 550 1431 591 Ea
1459 559 1500 589 12

89 620 217 647 causa
248 606 488 660 tripertita,
525 606 702 658 iudices,
735 606 816 646 erit
847 607 891 647 in
923 608 1210 661 accusatione3
1243 608 1430 662 primum

90 665 237 716 [enim]
278 664 328 705 de
366 664 616 718 decumano,
662 663 810 705 deinde
849 665 898 706 de
937 669 1082 720 empto
1123 666 1308 708 dicemus
1345 667 1431 708 fru-

90 725 252 770 mento,
284 725 504 777 postremo
538 722 588 763 cle
621 723 862 764 aestimato.

176 781 296 822 Inter
333 780 523 822 Siciliam
570 784 818 836 ceterasque
861 782 1121 837 provincias,
1165 783 1342 837 iudices,
1385 785 1428 826 in
1457 782 1482 823 6

36 849 68 874 10
89 854 291 895 agrorum
314 840 594 895 vectigalium
619 840 786 882 ratione
812 840 893 882 hoc
919 841 1111 895 interest,
1138 843 1251 896 quod
1277 843 1430 885 ceteris

89 901 163 940 aut
183 898 433 953 impositum
454 898 641 954 vectigal
669 901 735 940 est
760 901 936 952 certum,
963 900 1075 953 quod
1102 900 1430 955 stipendiarium

88 957 254 1010 dicitur,
286 959 334 998 ut
359 957 566 1012 Hispanis
603 960 646 999 et
677 958 893 1012 plerisque
919 958 1160 1000 Poenorum
1194 961 1317 1014 quasi
1348 961 1430 1002 vic-

86 1016 224 1057 toriae
256 1015 494 1070 praemium
527 1031 576 1058 ac
607 1031 745 1071 poena
776 1016 897 1070 belli,
936 1019 1012 1058 aut
1044 1018 1239 1059 censoria
1270 1019 1428 1061 locatio

89 1075 326 1116 constituta
353 1077 430 1128 est,
460 1077 510 1116 ut
529 1075 659 1116 Asiae
686 1075 781 1130 1686
815 1073 1078 1130 Sempronia.
1129 1075 1299 1119 Siciliae
1331 1078 1430 1120 civi-

34 1143 66 1168 15
86 1135 199 1175 tates
233 1133 292 1175 sic
323 1133 369 1174 in
401 1133 634 1175 amicitiam
666 1134 878 1188 fidemque
912 1135 1169 1189 accepimus,
1201 1139 1250 1177 ut
1281 1137 1429 1178 eodem

85 1192 176 1233 iure
221 1194 382 1246 essent,
426 1207 509 1246 quo
553 1192 754 1246 fuissent,
800 1193 946 1234 eadem
984 1194 1231 1235 condicione
1267 1196 1428 1250 populo

85 1249 281 1292 Romano
332 1253 551 1304 parerent,
603 1266 686 1305 qua
733 1251 820 1292 suis
865 1254 965 1293 ante
1007 1253 1266 1306 paruissent.
1331 1253 1429 1295 Per·
1457 1262 1498 1292 13

85 1324 245 1363 paucae
274 1307 444 1351 Siciliae
482 1309 679 1351 civitates
713 1312 812 1352 sunt
843 1310 1062 1365 superiore
1094 1312 1209 1353 bello
1243 1327 1267 1353 a
1299 1312 1429 1354 maio-

85 1368 204 1409 ribus
248 1368 408 1410 nostris
449 1369 670 1422 subactae3
715 1383 896 1423 quarum
935 1383 1038 1424 ager
1076 1385 1171 1411 cum
1210 1373 1324 1412 esset
1355 1387 1429 1426 pu-

33 1436 66 1461 20
85 1427 224 1469 blicus
251 1427 400 1482 populi
425 1427 608 1468 Romani
638 1427 792 1481 factus,
824 1430 970 1469 tamen
1000 1428 1087 1469 illis
1121 1431 1186 1470 est
1218 1430 1428 1485 redditus,

85 1485 122 1526 is
151 1500 254 1541 ager
279 1500 305 1527 a
331 1485 577 1528 censoribus
604 1486 738 1528 locari
764 1487 886 1528 solet.
936 1485 1197 1529 Foederatae
1230 1488 1428 1530 civitates

84 1547 184 1585 sunt
217 1544 342 1597 duae,
381 1559 562 1599 quarum
595 1545 795 1586 decumae
826 1545 969 1586 venire
1001 1560 1088 1587 11011
1120 1547 1305 1601 soleant,
1340 1547 1428 1589 Ma-

85 1602 270 1644 mertina
320 1605 362 1644 et
406 1603 787 1657 Tauromenitana,
839 1604 1024 1658 quinque
1068 1608 1292 1659 praeterea
1336 1606 1427 1647 81116

83 1661 254 1703 foedere
303 1661 514 1703 immunes
571 1662 767 1704 civitates
813 1677 860 1704 ac
904 1663 1082 1717 liberae,
1133 1662 1427 1719 Centuripina,

0 1766 1 1770 Ἰ
31 1729 65 1755 25
84 1719 332 1774 Halaesina,
353 1719 603 1776 Segestana,
622 1721 907 1775 Halicyensis,
926 1721 1285 1777 Panhormitana3
1307 1738 1427 1778 prae-

83 1781 202 1820 terea
246 1779 385 1821 omnis
430 1794 534 1835 ager
572 1778 742 1821 Siciliae
787 1780 1012 1821 civitatum
1057 1780 1316 1823 decumanus
1361 1784 1427 1823 est

82 1837 271 1892 itemque
304 1841 402 1879 ante
434 1838 662 1893 imperium
694 1838 844 1893 populi
871 1838 1055 1881 Romani
1086 1839 1279 1894 ipsorum
1313 1839 1426 1882 Sicu-

83 1895 223 1938 lorum
243 1896 468 1938 voluntate
495 1899 538 1938 et
563 1897 777 1938 institutis
803 1897 897 1939 fuit
941 1897 1096 1939 Videte
1121 1912 1234 1941 nunc
1260 1899 1425 1954 sapien·
1453 1901 1497 1932 14

82 1954 189 1996 tiam
234 1955 463 2009 maiorum,
507 1956 579 2011 qui
622 1971 718 1998 cum
764 1955 990 2009 [Siciliam]
1036 1959 1126 1998 tam
1165 1960 1425 2012 oportunum

0 2004 3 2046 1
32 2024 64 2050 30
84 2014 319 2056 subsidium
359 2014 464 2055 belli
502 2017 629 2069 atque
667 2014 785 2069 pacis
822 2015 875 2056 ad
906 2030 997 2057 rem
1028 2015 1246 2070 publicam
1280 2017 1425 2058 adiun-

0 2082 1 2090 ’
82 2072 257 2127 xissent,
288 2075 413 2114 tanta
439 2088 539 2114 cura
566 2071 732 2115 Siculos
759 2074 871 2115 tueri
898 2089 946 2115 ac
972 2074 1157 2115 retineie
1184 2076 1426 2130 voluerunt,

82 2134 130 2172 ut
173 2146 259 2173 non
304 2132 430 2173 modo
477 2146 625 2173 eorum
669 2132 786 2187 agris
828 2133 1015 2188 vectigal
1056 2148 1217 2174 novum
1256 2134 1426 2176 nullum

82 2189 370 2245 imponerent,
415 2190 488 2231 sed
525 2205 578 2232 ne
616 2191 756 2246 1686111
796 2191 967 2245 quidem
1004 2192 1262 2233 venditionis
1304 2193 1425 2235 decu-

83 2263 249 2290 marum
286 2264 364 2291 nec
401 2249 617 2291 vendundi
650 2252 724 2291 aut
756 2251 926 2304 tempus
960 2253 1034 2291 aut
1065 2251 1208 2292 locum
1240 2266 1425 2293 commu-

32 2315 64 2342 85
83 2309 243 2361 tarent,
281 2310 329 2349 ut
366 2310 482 2350 certo
521 2310 716 2363 tempore
754 2309 872 2362 anni,
909 2311 958 2350 ut
994 2309 1152 2350 ibidem
1190 2310 1235 2351 in
1268 2308 1425 2364 Sicilia,

84 2365 262 2420 denique
299 2368 349 2408 ut
380 2367 475 2422 1686
507 2366 740 2409 Hieronica
771 2367 1016 2409 venderent.
1077 2367 1320 2410 Voluerunt
1351 2383 1424 2411 eos

82 2423 127 2465 in
164 2424 251 2466 suis
289 2425 416 2467 rebus
454 2425 573 2479 ipsos
611 2426 836 2480 interesse,
876 2440 1105 2481 eorumque
1141 2427 1307 2469 animos
1337 2442 1425 2470 non

1069 2495 1140 2529 18*
