1618 2584
392 214 480 249 ΜΒ.
508 214 558 249 111
598 208 696 249 CAP.
720 219 856 250 60—62
883 219 902 257 g
931 218 1125 250 137—143.
1341 216 1425 257 327

88 313 180 352 erat
205 310 250 351 in
277 324 529 363 sermonem,
556 311 774 364 invidiam,
799 311 1178 366 vituperationem3
1207 311 1428 353 dictitarat

87 369 216 410 homo
241 368 464 423 improbus
492 372 620 423 atque
647 371 852 424 impurus,
884 370 1115 424 Apronius,
1151 370 1312 411 socium
1345 371 1428 411 sibi

88 442 179 469 esse
196 431 458 482 praetorem,
478 431 654 469 venerat
671 443 737 469 res
755 429 800 469 in
817 429 1019 470 iudicium
1037 431 1165 483 atque
1183 429 1427 482 discrimen3

87 489 281 541 potestas
332 490 425 528 erat
474 487 547 528 isti
597 487 762 528 homini
810 487 981 543 integro
1032 490 1160 541 atque
1209 487 1429 529 innocenti

51 556 68 581 5
88 545 205 598 data,
239 548 305 599 ut,
337 545 382 586 in
407 545 648 600 Apronium
681 560 776 587 cum
808 546 998 587 animum
1031 546 1304 600 advertisset,
1337 561 1428 588 sese

88 604 345 659 gravissima
390 605 555 646 levaret
598 604 788 646 infamia.
851 604 961 653 Quid
999 605 1215 661 excogitat
1253 620 1429 659 poenae,

87 662 189 716 quid
216 663 598 704 animadversionis
625 663 670 703 in
690 663 960 717 Apronium?
1012 663 1140 719 Cogit
1167 662 1429 706 Scandilium

86 721 280 775 Apronio
309 722 363 762 ob
391 722 654 777 singularem
686 721 1011 776 improbitatem
1045 726 1174 777 atque
1207 723 1429 765 audaciam

86 780 536 834 praedicationemque
572 780 763 821 nefariae
799 781 1018 822 societatis
1052 781 1125 823 HS
1157 783 1192 823 V
1223 782 1428 824 mercedis

37 849 68 874 ιο
88 853 135 879 ac
155 839 335 893 praemii
362 840 567 891 [nomine]
596 839 706 880 dare.
752 839 862 888 Quid
887 840 1096 895 interfuit,
1121 840 1251 882 homo
1279 841 1404 882 auda·
1433 848 1495 879 141

86 898 270 951 cissime,
303 899 448 938 utrum
480 898 561 939 hoc
593 898 857 953 decerneres,
890 913 945 939 an
975 899 1035 952 id,
1069 900 1183 953 quod
1208 900 1427 954 Apronius

86 956 326 1010 dictitabat,
358 959 450 998 tute
483 957 533 998 de
565 959 608 998 te
640 958 889 1012 profiterere
922 972 970 999 ac
1003 958 1252 999 dictitares‘?
1293 959 1428 1007 Quem

84 1014 316 1069 hominem,
349 1016 385 1056 si
412 1016 484 1070 qui
509 1016 646 1070 pudor
672 1016 716 1057 in
742 1018 784 1057 te
814 1019 942 1071 atque
975 1017 1079 1058 adeo
1114 1017 1150 1057 si
1183 1017 1255 1071 qui
1287 1020 1427 1058 metus

85 1073 256 1129 fuisset,
301 1074 390 1116 sine
435 1075 645 1129 supplicio
691 1075 906 1116 dimittere
944 1090 1031 1117 non
1069 1076 1272 1130 debuisti,
1316 1077 1429 1118 hunc

35 1143 68 1169 15
88 1133 164 1174 abs
191 1135 234 1174 te
264 1133 353 1174 sine
385 1134 576 1188 praemio
610 1134 823 1175 discedere
854 1134 1062 1176 noluisti?
1114 1134 1268 1176 Omnia
1301 1136 1428 1177 simul

86 1192 339 1247 intellegere
366 1193 562 1247 potestis,
594 1193 765 1247 iudices,
798 1208 848 1234 ex
874 1193 955 1234 hoc
981 1208 1064 1235 uno
1098 1194 1275 1235 crimine
1303 1192 1430 1236 Scan-

86 1251 258 1305 diliano,
289 1251 477 1306 primum
503 1251 584 1293 hoc
608 1267 695 1293 non
721 1266 813 1293 esse
839 1252 1002 1293 Romae
1030 1255 1182 1293 natum
1215 1252 1265 1293 de
1299 1253 1431 1294 socie-

86 1312 177 1351 tate
215 1310 506 1365 decumarum,
543 1325 630 1352 non
668 1311 720 1352 ab
758 1313 1006 1352 accusatore
1038 1311 1202 1366 fictum,
1240 1326 1343 1366 non,
1382 1314 1432 1353 ut

88 1369 274 1410 solemus
306 1369 520 1410 interdum
553 1369 598 1410 in
630 1370 947 1411 defensionibus
981 1370 1136 1425 dicere,
1168 1370 1329 1412 crimen
1362 1371 1431 1412 do—

35 1438 68 1463 20
88 1428 313 1469 mesticum
339 1443 388 1469 ac
413 1429 700 1483 vernaculum,
732 1444 816 1470 non
847 1443 897 1470 ex
929 1431 1123 1483 tempore
1155 1429 1336 1483 periculi
1367 1429 1431 1471 tui

87 1487 389 1541 constitutum,
428 1487 502 1528 sed
538 1491 678 1541 vetus,
718 1488 930 1542 agitatum
963 1488 1050 1529 iam
1084 1491 1126 1528 et
1158 1490 1200 1529 te
1232 1491 1431 1543 praetore

86 1546 294 1587 iactatum
327 1548 369 1587 et
400 1561 486 1587 non
518 1547 571 1587 ab
603 1546 787 1588 inimicis
818 1546 981 1588 Romae
1014 1547 1319 1601 compositum,
1358 1548 1430 1588 sed

87 1604 273 1646 Romam
293 1619 342 1646 ex
362 1605 582 1659 provincia
603 1606 887 1660 deportatum.
927 1604 1061 1646 Simul
1082 1605 1191 1646 illud
1210 1606 1408 1661 intellegi
1436 1613 1502 1644 142

88 1666 233 1718 potest
276 1664 401 1705 istius
444 1664 490 1705 in
521 1664 762 1718 Apronium
804 1664 1009 1718 studium,
1054 1664 1221 1718 Aproni
1259 1665 1308 1706 de
1346 1665 1431 1706 isto

36 1732 69 1757 25
90 1737 176 1764 non
226 1722 352 1764 modo
404 1723 634 1777 confessio,
686 1738 834 1764 verum
886 1724 1016 1764 etiam
1066 1724 1431 1764 commemoratio.

88 1781 254 1823 Eodem
287 1782 460 1835 accedit,
494 1782 607 1836 quod
638 1782 719 1823 hoc
752 1797 920 1836 quoque
952 1782 1204 1837 intellegere
1236 1782 1432 1837 potestis,

88 1841 220 1882 istum
265 1841 468 1881 statuisse
506 1841 551 1881 in
587 1841 806 1895 provincia
846 1856 922 1882 sua
960 1841 1292 1882 existimationis
1331 1855 1432 1882 suae

88 1899 291 1941 iudicium
331 1902 452 1941 extra
489 1899 710 1942 cohortem
750 1914 870 1941 suam
910 1900 1266 1942 committendum
1299 1900 1432 1941 fuisse

88 1958 260 2000 nemini.

37 2026 71 2053 30
177 2017 336 2072 Ecquis
370 2020 435 2059 est
466 2018 608 2071 iudex,
642 2018 708 2059 cui
738 2033 825 2060 non
858 2018 910 2061 ab
944 2018 1067 2059 initio
1101 2018 1324 2059 decumani
1357 2018 1432 2059 cri-
1448 2021 1503 2062 62

90 2076 218 2118 minis
256 2092 510 2132 persuasum
549 2077 607 2118 sit
644 2077 774 2118 istun]
814 2077 858 2118 in
898 2080 1118 2118 aratorum
1155 2077 1269 2118 bona
1299 2076 1434 2118 fortu-

89 2149 251 2190 nasque
276 2136 486 2191 impetum
518 2136 700 2177 fecisse?
754 2135 857 2184 Quis
889 2136 971 2178 hoc
1001 2150 1089 2177 non
1121 2150 1171 2176 ex
1203 2150 1252 2177 eo
1286 2136 1434 2176 statim

90 2194 307 2249 iudicavit,
335 2195 449 2249 quod
469 2195 638 2236 ostendi
660 2194 791 2235 istum
820 2195 1017 2236 decumas
1044 2209 1157 2236 nova
1183 2195 1278 2249 lege
1306 2196 1434 2248 atque

91 2253 195 2294 adeo
232 2255 354 2295 nulla
388 2255 483 2309 lege
517 2256 667 2295 contra
699 2253 890 2294 omnium
922 2253 1272 2295 consuetudinem
1305 2255 1434 2307 atque

38 2322 72 2347 35
90 2312 293 2354 instituta
318 2313 587 2354 vendidisse?
626 2312 788 2354 Verum
814 2315 862 2353 ut
890 2312 998 2354 istos
1027 2326 1106 2367 ego
1133 2312 1292 2353 iudices
1319 2314 1410 2353 tam
1438 2319 1504 2350 143

92 2385 280 2426 severos,
317 2374 408 2413 tam
447 2372 695 2427 diligenteS,
732 2374 823 2412 tam
859 2371 1088 2426 religiosos
1120 2385 1207 2413 non
1237 2371 1435 2425 habeam,

91 2430 234 2484 ecquis
280 2433 363 2486 est,
407 2445 457 2472 ex
499 2431 754 2472 iniuriarum
795 2430 1109 2486 magnitudine,
1153 2429 1435 2485 improbitate
