1618 2584
70 392 110 421 15

71 890 112 920 16

74 2035 113 2065 17

77 2386 116 2415 is

138 226 222 265 2Ῑ6
540 225 591 259 IN
619 225 654 260 C.
676 225 878 259 VERREM
905 226 1009 260 AC'i.
1038 227 1078 259 ll.

138 322 263 363 modo
304 323 397 377 lege
434 337 563 375 nova,
602 321 674 362 sed
706 336 758 361 ne
790 321 962 362 nomine
996 322 1167 375 quidem
1200 322 1308 377 legis
1342 336 1478 363 novae

138 381 408 423 commoveri.
476 380 627 433 ltaque
673 379 870 420 decumas
909 380 1003 434 lege
1043 380 1273 422 Hieronica
1312 395 1479 435 semper

137 440 384 481 vendundas
418 441 689 491 censuerunt,
726 441 773 478 ut
804 438 855 478 iis
890 438 1112 479 iucundior
1145 442 1257 480 esset
1291 440 1478 480 muneris

137 499 254 539 illius
282 498 455 551 functio,
483 498 518 537 si
546 497 635 538 eius
662 497 789 552 regis,
822 497 894 550 qui
921 495 1076 538 Siculis
1105 498 1351 538 carissimus
1382 498 1478 551 fuit,

137 572 223 598 11011
251 558 390 597 solum
417 556 618 596 instituta
644 558 907 597 commutato
941 556 1136 610 imperio,
1168 571 1315 597 verum
1348 557 1478 597 etiam

137 631 294 657 nomen
338 617 541 656 maneret.
609 614 702 655 Hoc
744 615 835 655 iure
880 618 978 655 ante
1014 613 1192 655 Verrem
1236 617 1479 668 praetorem

140 674 271 715 Siculi
298 688 465 727 semper
497 673 563 714 usi
595 675 712 726 sunt3
744 673 813 714 hic
844 673 1009 727 primus
1042 673 1244 714 instituta
1276 673 1478 727 omnium,

138 732 490 774 consuetudinem
511 747 536 773 a
556 732 788 772 maioribus
816 732 1033 785 traditam,
1060 732 1351 773 condicionem
1379 733 1479 773 ami-

139 792 277 844 citiae,
302 792 368 831 ius
391 791 610 832 societatis
632 791 870 831 convellere
891 793 933 831 et
958 793 1221 832 commutare
1248 805 1375 832 ausus
1404 794 1479 832 est.

228 850 322 899 Qua
348 850 392 890 in
417 864 462 890 re
488 850 674 904 primum
701 849 807 890 illud
838 849 1102 904 reprehendo
1136 852 1179 890 et
1211 864 1375 904 accuso,
1407 864 1480 890 cur

139 910 183 949 in
216 923 260 949 re
292 912 383 950 tam
416 910 578 962 vetere,
609 910 699 949 tam
731 908 893 949 usitata
926 908 1153 962 quicquam
1185 908 1285 949 novi
1317 908 1479 949 feceris.

138 968 317 1022 [ingenio
366 967 529 1021 aliquid
573 967 797 1008 adsecutus
843 967 916 1008 es?
967 969 1034 1007 tot
1076 967 1272 1007 homines
1318 967 1481 1021 sapien-

139 1027 331 1067 tissimos
364 1029 407 1066 et
438 1025 720 1080 clarissimos,
753 1026 824 1080 qui
856 1026 977 1066 illam
1010 1025 1275 1079 provinciam
1307 1028 1406 1067 ante
1438 1028 1480 1066 te

139 1088 386 1137 tenuerunt,
428 1084 656 1139 prudentia
692 1085 955 1138 consilioque
993 1084 1164 1126 vicisti?
1228 1085 1309 1125 Est
1347 1086 1480 1137 tuum,

140 1147 205 1185 est
243 1143 405 1199 ingenii
444 1144 777 1198 diligentiaeque
815 1146 932 1197 tuae3
977 1143 1029 1184 do
1068 1143 1149 1184 hoc
1186 1143 1267 1184 tibi
1306 1145 1348 1184 et
1387 1158 1481 1184 con-

140 1203 253 1245 cedo.
311 1202 405 1243 {Scio
439 1205 481 1243 te
515 1203 695 1253 Romae,
733 1217 827 1243 cum
860 1204 1034 1255 praetor
1068 1216 1198 1255 esses,
1234 1201 1372 1243 edicto
1405 1205 1479 1243 tuo

139 1262 434 1316 possessiones
455 1261 744 1301 hereditatum
771 1276 796 1301 a
824 1261 967 1301 liberis
997 1260 1049 1301 ad
1077 1261 1251 1313 alienos,
1279 1275 1303 1301 a
1329 1261 1479 1314 primis

140 1321 367 1361 heredibus
407 1320 460 1360 ad
496 1320 719 1370 secundos,
760 1335 783 1360 a
817 1320 984 1374 legibus
1020 1319 1071 1359 ad
1104 1320 1326 1359 libidinem
1360 1322 1481 1360 tuam

140 1379 434 1431 transtulisse3
475 1379 561 1419 scio
600 1382 642 1418 te
682 1378 819 1419 edicta
858 1378 1125 1432 superiorum
1165 1378 1354 1418 omnium
1392 1392 1479 1419 cor-

140 1439 299 1479 rexisse
324 1440 366 1478 et
392 1437 684 1490 possessiones
711 1437 1000 1477 hereditatum
1026 1451 1113 1477 non
1139 1437 1369 1477 secundum
1396 1451 1479 1489 eos,

141 1497 213 1551 qui
243 1496 502 1551 proferrent,
535 1496 608 1536 sed
641 1496 870 1536 secundum
905 1509 994 1548 eos,
1028 1496 1099 1548 qui
1133 1495 1320 1536 dicerent
1352 1498 1481 1536 testa-

140 1558 332 1596 mentum
376 1555 555 1608 factum,
602 1554 783 1607 dedisse3
830 1568 984 1607 easque
1028 1568 1095 1594 res
1140 1568 1274 1595 novas
1319 1554 1395 1595 abs
1439 1557 1481 1595 te

140 1615 334 1668 prolatas
372 1616 413 1654 et
445 1614 641 1654 inventas
676 1627 831 1668 magno
865 1613 946 1653 tibi
980 1613 1177 1666 quaestui
1208 1612 1339 1653 fuisse
1373 1613 1481 1665 scio,

140 1673 405 1726 eundemque
431 1675 473 1712 te
501 1672 676 1713 memini
702 1672 915 1713 censorias
944 1686 1111 1725 quoque
1138 1672 1255 1726 leges
1281 1672 1327 1712 111
1353 1672 1482 1712 sartis

140 1732 267 1773 tectis
294 1731 514 1786 exigendis
541 1731 694 1772 tollere
723 1734 765 1772 et
791 1733 1067 1784 commutare,
1099 1744 1151 1771 ne
1177 1731 1213 1771 is
1243 1730 1482 1783 redimeret,

142 1791 236 1832 cuia
274 1805 341 1831 res
380 1793 511 1843 esset,
549 1804 601 1830 ne
638 1790 804 1844 pupillo
838 1792 1005 1830 tutores
1037 1789 1353 1843 propinquique
1386 1804 1483 1830 con-

142 1849 349 1902 sulerent,
401 1863 483 1902 quo
535 1848 673 1889 minus
724 1848 908 1888 fortunis
958 1848 1156 1888 omnibus
1202 1850 1483 1901 everteretur3

142 1908 340 1962 exiguam
369 1907 479 1947 diem
506 1907 731 1961 praefinire
759 1907 888 1961 operi,
922 1921 1005 1960 qua
1031 1909 1193 1947 ceteros
1221 1907 1274 1947 ab
1307 1908 1482 1961 negotio

143 1966 399 2019 excluderes,
426 1966 516 2019 ipse
537 1966 581 2005 111
602 1968 675 2007 tuo
697 1966 967 2019 redemptore
991 1966 1155 2005 nullam
1184 1968 1344 2006 certam
1372 1966 1483 2007 diem

143 2025 404 2066 observares.
474 2024 611 2072 Quam
656 2025 710 2065 ob
750 2039 839 2066 rem
880 2039 1037 2065 novam
1076 2025 1217 2079 legem
1255 2027 1297 2065 te
1335 2024 1380 2065 in
1419 2025 1483 2065 de-

142 2084 276 2125 cumis
314 2084 519 2123 statuisse
551 2098 637 2125 11011
670 2084 820 2136 miror,
858 2084 1074 2124 hominem
1107 2084 1149 2124 in
1184 2083 1332 2124 edictis
1365 2099 1483 2138 prae-

143 2143 277 2195 toriis,
310 2142 355 2182 in
387 2142 591 2183 censoriis
624 2142 793 2197 legibus
826 2145 916 2183 tam
950 2142 1212 2195 prudentem,
1245 2145 1335 2182 tam
1369 2157 1483 2184 exer-

143 2202 340 2255 citatum,
380 2216 482 2255 11011,
520 2201 713 2255 inquam,
752 2202 884 2242 miror
921 2203 964 2242 te
1004 2201 1165 2254 aliquid
1204 2202 1483 2256 excogitasse,

144 2261 216 2301 sed
243 2260 356 2313 quod
388 2262 463 2301 tua
495 2263 648 2314 sponte
680 2260 845 2301 iniussu
877 2260 1026 2314 populi
1059 2260 1149 2300 sine
1182 2263 1356 2301 senatus
1390 2277 1484 2303 auc-

143 2319 320 2360 toritate
359 2319 453 2360 iura
491 2319 736 2373 provinciae
770 2318 938 2360 Siciliae
977 2319 1228 2371 mutaveris,
1268 2319 1310 2359 id
1346 2335 1485 2374 repre-

143 2378 300 2432 hendo,
332 2378 375 2418 id
408 2392 571 2419 accuso.
626 2377 672 2418 L.
700 2377 879 2419 Octavio
913 2380 955 2418 et
981 2376 1024 2418 C.
1052 2377 1204 2418 Cottae
1238 2380 1484 2420 consulibus

145 2440 317 2477 senatus
356 2437 569 2489 permisit,
609 2439 656 2477 ut
694 2437 780 2477 vini
818 2440 859 2477 et
892 2436 973 2477 olei
1006 2436 1203 2477 decumas
1238 2439 1279 2477 et
1311 2438 1484 2493 frugum

1503 859 1589 912 10}

1504 1158 1533 1183 15

1502 1452 1533 1476 20

1503 1746 1597 1773 2511

1504 2039 1536 2064 30

1505 2330 1534 2356 35
