1618 2584
454 81 555 117 CAP.
582 86 721 116 41—-44
747 85 766 124 ἓ
796 85 988 117 120—127.
1340 80 1390 120 71

14 164 18 207 ‘¹'
54 181 152 234 bus,
201 179 251 220 de
301 178 455 233 quibus
503 178 539 219 si
583 192 760 232 coepero
806 177 961 230 dicere,
1010 176 1208 232 pluribus
1251 177 1394 218 verbis

15 246 17 278 i
53 239 110 281 sit
153 236 461 291 disserendum,
515 251 564 278 ea
607 236 762 278 vestris
806 235 991 292 ingeniis
1042 235 1395 290 coniecturaeque

15 338 17 348 ⁴
53 296 287 340 committo.
1410 326 1464 367 43

16 350 17 360 ¹
139 354 276 396 Venio
314 368 426 395 nune
464 354 518 395 ad
553 354 662 395 illud
693 368 848 395 nomen
881 367 1057 395 aureum
1089 351 1372 407 Chrysogoni,
1401 377 1464 407 124

23 444 29 455 .
54 414 132 456 sub
159 428 242 468 quo
268 413 440 455 nomine
471 415 565 454 tota
597 412 780 454 socieeas
812 412 959 466 latuit3
992 411 1042 453 de
1073 426 1170 466 quo,
1201 411 1373 464 iudices,

16 506 17 511 ,
52 487 187 527 neque
220 486 304 527 quo
337 471 464 513 modo
497 471 635 513 dicam
666 485 804 525 neque
837 485 919 525 quo
952 470 1078 512 modo
1111 472 1295 523 taceam,
1334 484 1396 510 re-

52 531 190 587 perire
222 544 409 585 possum.
472 529 517 572 Si
549 530 662 571 enim
693 532 832 584 taceo,
864 529 932 571 vel
963 529 1197 571 maximam
1228 531 1396 583 partem

52 590 265 644 relinquo3
305 589 371 630 sin
409 591 552 630 auffiem
591 588 702 642 dico,
739 602 906 642 vereor,
943 603 996 629 ne
1033 603 1120 630 non
1158 588 1233 629 ille
1266 588 1397 641 solus,

52 649 95 690 id
127 648 241 703 quod
272 647 325 689 ad
356 662 423 688 me
461 647 570 688 nihil
609 647 784 700 attinet,
822 646 896 688 sed
933 647 1008 688 alii
1047 661 1215 701 quoque
1251 646 1397 701 plures

24 708 193 750 laesos
226 721 271 748 se
303 720 395 748 esse
426 707 591 761 pussent.
653 705 846 746 Tametsi
877 705 940 746 ita
971 720 1016 747 se
1056 720 1124 747 res
1162 705 1313 760 habelz,
1350 707 1399 746 ui:

52 766 159 809 mihi
195 766 241 807 in
278 779 545 807 communem
581 778 755 806 causam
787 766 1002 806 sectorum
1034 764 1258 806 dicendum
1289 763 1398 805 nihil

18 847 20 863 ι
53 838 314 881 magnopere
351 823 565 877 videatur3
606 823 711 864 haec
750 823 863 864 enim
901 837 1030 864 causa
1059 837 1173 865 nova
1203 822 1397 878 profecto

18 896 19 923 l
53 887 96 927 et
134 883 365 939 singularis
404 885 480 924 est.
546 881 766 923 Bonorum
804 880 896 922 Sex.
935 881 1065 924 Rosci
1103 884 1272 937 emptor
1309 884 1375 922 est
1402 882 1469 913 1‘25

18 925 21 998 [Ε
53 943 373 998 Chrysogonus.
439 940 632 982 Primum
672 940 754 982 hoo
797 940 1035 982 videamus:
1081 941 1169 982 eius
1210 940 1397 982 hominis

19 999 29 1041 ³,
52 1003 166 1044 bona
216 1015 299 1055 qua
347 1000 514 1042 ratione
565 999 790 1041 venierunt
833 1001 908 1040 aut
953 1014 1036 1053 quo
1082 1000 1208 1041 modo
1253 999 1398 1040 venire

19 1041 22 1123 1
52 1059 314 1116 potuerunt?
370 1059 513 1113 Atque
545 1058 626 1100 hoc
656 1073 744 1100 non
774 1058 837 1099 ita
875 1072 1097 1113 quaeram,
1134 1058 1312 1111 iudices,
1350 1060 1399 1099 ut

20 1120 96 1161 sid
139 1119 277 1161 dicam
325 1132 418 1160 esse
466 1117 709 1173 indignum,
757 1116 944 1158 hominis
994 1117 1234 1158 innocentis
1284 1117 1398 1158 bona

20 1161 219 1220 lvenisse
259 1175 316 1233 (si
354 1176 466 1218 enim
510 1176 616 1218 haee
660 1175 878 1217 audaciter
921 1190 969 1217 ac
1013 1176 1147 1217 libere
1193 1175 1399 1229 dicentur,

22 1266 24 1283 f
52 1251 139 1279 non
168 1236 252 1278 fust
284 1238 431 1278 tantus
463 1235 592 1277 homo
626 1234 719 1276 Sex,
750 1234 932 1276 Roscius
964 1235 1009 1275 in
1041 1234 1235 1288 civitate,
1267 1236 1315 1275 ub
1348 1233 1399 1275 de

23 1319 30 1334 ,.
54 1310 103 1338 eo
135 1295 411 1351 potissimum
443 1292 791 1349 conqueramur)3
823 1308 971 1335 verum
1003 1307 1083 1349 ego
1113 1293 1195 1335 hoc
1222 1307 1399 1347 quaero:

22 1366 23 1370 ’
54 1354 135 1404 Qui
171 1356 406 1409 potuerunt
441 1353 527 1394 isba
563 1352 658 1407 ipsa
695 1353 809 1408 lege,
851 1367 959 1406 quae
997 1352 1047 1393 cle
1084 1351 1400 1407 proscriptione

55 1416 138 1468 est,
185 1413 274 1455 sive
311 1411 488 1453 Valeria
526 1414 592 1452 est
629 1411 718 1452 sive
756 1410 956 1453 Cornelia
994 1409 1100 1464 (non
1142 1411 1257 1452 enim
1298 1410 1400 1452 novi

54 1486 133 1514 nec
165 1469 286 1528 scio),
317 1485 465 1512 verum
490 1470 576 1511 ista
600 1470 696 1524 ipsa
720 1470 816 1525 lege
840 1470 956 1512 bona
981 1468 1075 1511 Sex,
1100 1469 1231 1511 Rosci
1256 1469 1400 1511 venire

24 1543 25 1546 ’
55 1530 128 1586 qui
164 1531 427 1585 potuerunt?
490 1527 706 1583 Scriptum
745 1528 858 1570 enim
896 1528 959 1570 ilsa
989 1528 1136 1570 dicunt
1168 1543 1276 1570 esse:
1314 1539 1374 1569 UT
1404 1536 1470 1567 126

24 1570 26 1636 l
54 1601 213 1632 EORUM
244 1600 369 1631 BONA
400 1599 630 1642 VENEANT,
663 1599 742 1636 QUI
772 1598 1048 1629 PROSCRIPTI
1081 1599 1213 1641 SUNT3
1246 1602 1329 1642 quo
1355 1587 1400 1627 in

24 1642 231 1690 numero
275 1645 369 1689 Sex.
407 1646 587 1688 Roscius
630 1660 718 1688 non
761 1648 843 1687 esb:
884 1658 974 1688 AUT
1014 1657 1190 1700 EORUM,
1234 1658 1313 1696 QUI
1352 1657 1400 1686 IN

24 1715 27 1742 Ι
55 1717 448 1749 ADVERSARIORUM
479 1716 737 1747 PRAESIDIIS
771 1715 920 1747 OCCISI
953 1716 1080 1747 SUNT.
1134 1704 1250 1746 Dum
1282 1719 1402 1760 prae-

25 1747 29 1826 }
56 1766 164 1808 sidia
188 1765 280 1807 ulla
298 1765 484 1819 fuerunt,
509 1764 554 1805 in
576 1762 721 1805 Sullae
740 1764 968 1818 praesidiis
988 1763 1090 1818 fuilz3
1116 1766 1401 1818 posteaquam

25 1825 109 1886 lab
143 1824 274 1866 armis
306 1823 577 1877 recessimus,
615 1823 660 1864 in
692 1837 859 1864 summo
903 1823 991 1864 otio
1030 1822 1197 1864 rediens
1236 1838 1261 1864 a
1299 1837 1403 1864 cena

25 1887 27 1912 ἱ
56 1883 218 1925 Romae
252 1883 414 1925 occisus
448 1884 533 1936 est3
565 1882 601 1923 si
633 1882 739 1937 lege,
770 1881 885 1923 bona
917 1896 1086 1936 quoque
1113 1882 1208 1937 lege
1235 1881 1402 1922 venisse

55 1942 212 1997 fateor3
257 1942 324 1983 sin
369 1944 522 1994 autem·
557 1943 728 1982 constat
773 1943 922 1982 contra
964 1940 1101 1982 omnis
1145 1955 1233 1981 non
1275 1939 1402 1981 modo

25 2036 30 2132 ι
57 2004 221 2044 veteres
254 2001 390 2057 leges,
422 2014 571 2042 verum
603 2000 735 2041 etiam
765 2014 900 2041 novas
934 1999 1120 2041 occisum
1153 2013 1257 2053 esse,
1288 1998 1404 2040 bona

58 2133 228 2174 quaero.

144 2177 196 2219 In
222 2192 348 2232 quem
373 2177 455 2219 hoe
481 2176 631 2230 dicam,
663 2175 846 2230 quaeris,
870 2175 1012 2218 Eruci.
1062 2174 1163 2217 Non
1193 2175 1239 2217 in
1270 2189 1378 2230 eum,
1406 2161 1473 2244 ἐξ

27 2253 29 2267 ·
59 2250 183 2291 quem
220 2237 284 2278 vis
330 2239 372 2278 eb
410 2239 556 2292 pubas3
599 2249 700 2276 nam
739 2234 904 2276 Sullam
943 2237 985 2276 et
1023 2234 1163 2276 oratio
1195 2249 1291 2276 mea
1323 2234 1377 2276 ab

57 2074 139 2115 quo
192 2060 283 2101 iure
333 2062 408 2101 aut
459 2073 541 2113 quo
592 2058 718 2100 modo
776 2059 850 2099 aui:
900 2073 984 2113 qua
1033 2058 1130 2114 lege
1180 2057 1403 2113 venierint,

56 2294 180 2337 initio
214 2298 256 2337 et
287 2295 422 2349 ipsius
451 2294 606 2336 eximia
631 2293 769 2336 virtus
809 2293 927 2335 omni
966 2296 1160 2348 tempore
1186 2293 1402 2348 purgavib.
