1618 2584
172 28 254 66 148
568 27 618 60 IN
645 27 681 61 C.
702 27 906 61 VERREM
932 27 1034 63 ACT.
1061 29 1103 62 Π.

171 136 258 162 11011
290 121 403 163 0111111
436 123 574 176 spolia
604 121 647 163 C.
668 122 828 176 Verris,
862 123 935 163 sed
967 123 1327 165 existimationem
1358 126 1505 179 populi
1575 127 1577 146 ¹

169 179 355 221 Romani
382 181 614 235 concupivi.
663 180 805 221 Meum
831 180 914 221 fuit
940 196 1035 222 cum
1067 196 1195 223 causa
1226 182 1422 224 accedere
1455 185 1506 224 ad
1574 167 1576 242 l

170 239 473 292 accusandum3
513 254 619 293 quae
652 254 780 280 causa
810 239 894 280 fuit
924 239 1164 294 honestior,
1201 255 1327 294 quam
1360 256 1385 282 a
1415 243 1505 283 tam
1574 254 1575 278 i

169 297 343 337 inlustri
381 298 602 351 provincia
635 298 900 339 defensorem
933 298 1137 339 constitui
1169 301 1211 339 et
1243 299 1402 354 deligi?
1445 301 1506 341 rei

169 357 365 409 publicae
392 357 631 410 consulere3
664 357 765 410 quid
795 359 885 397 tam
918 371 940 397 0
971 371 1016 398 re
1048 356 1221 411 publica
1250 359 1343 408 felib,
1376 372 1503 412 quam
1523 372 1537 397 5
1572 363 1574 398 l
1615 372 1618 395 ῑ

168 415 214 454 111
245 416 368 454 tanta
399 414 560 455 invidia
590 415 842 456 iudiciorum
877 415 1082 456 adducere
1114 415 1349 469 hominem,
1387 416 1504 458 cuius

170 472 443 513 damnatione
486 475 604 514 totus
651 474 753 514 ordo
798 489 893 515 cum
937 474 1097 528 populo
1138 474 1333 515 Romano
1379 477 1421 516 et
1460 475 1501 516 in

168 531 293 571 laude
314 533 356 571 et
376 531 420 571 in
441 532 582 586 gratia
601 535 748 586 posset
775 533 895 574 esse?
929 532 1151 574 ostendere
1179 547 1227 574 ac
1252 533 1504 587 persuadere
1570 546 1572 567 l
1610 557 1618 574 η

167 588 385 630 hominem
410 593 635 631 nocentem
661 591 889 632 adductum
916 605 1024 645 esse,
1059 591 1153 645 quis
1180 593 1245 632 est
1270 591 1314 631 in
1345 592 1503 646 populo
1570 605 1571 623 ¹
1608 607 1618 631 2

167 647 379 703 Romano,
425 649 497 702 qui
540 649 621 690 hoc
662 664 749 691 non
793 665 842 691 ex
879 650 1021 704 priore
1060 650 1226 691 actione
1265 650 1504 704 abstulerit,
1524 664 1571 689 1οἸ
1608 685 1616 689 ,,

168 706 359 747 omnium
397 710 496 748 ante
535 708 833 749 damnatorum
872 709 1051 761 scelera,
1092 708 1227 761 furta,
1265 708 1432 764 flagitia
1470 710 1505 750 si
1568 738 1570 764 3
1605 726 1618 763 ς».

166 779 297 805 unum
319 765 362 806 in
383 765 523 807 locum
549 766 834 820 conferantur,
861 767 930 807 vix
957 781 1052 808 cum
1077 766 1204 807 huius
1229 782 1363 821 parva
1382 770 1504 822 parte

97 832 139 863 22
168 824 342 877 aequari
369 824 636 878 conferrique
662 826 816 880 posse?
861 825 963 879 Vos,
996 825 1109 880 quod
1136 825 1189 866 ad
1221 828 1410 867 vestram
1441 826 1504 867 fa-

166 897 294 936 mam,
326 883 688 925 existimationem
715 885 982 938 salutemque
1009 898 1276 925 communem
1306 884 1503 938 pertinet,
1566 920 1567 927 ,
1603 921 1618 925 μ.

165 941 342 995 iudices,
386 942 618 996 prospicite
658 946 785 997 atque
824 943 1045 984 consulite.
1114 941 1324 996 Splendor
1361 945 1503 984 vester
1522 943 1567 993 15]
1601 960 1618 985 se:

164 999 285 1052 facit,
317 1002 365 1041 ut
396 1015 571 1054 peccare
603 1001 693 1042 sine
727 1016 892 1042 summo
925 1002 987 1042 rei
1017 1001 1215 1056 publicae
1248 1001 1502 1043 detrimento
1565 1010 1566 1042 l
1607 1024 1618 1043 w

166 1073 214 1099 ac
257 1059 445 1113 periculo
483 1075 570 1101 non
607 1060 794 1114 possitis.
862 1060 960 1101 Non
999 1060 1111 1100 enim
1149 1062 1295 1114 potest
1333 1074 1502 1114 sperare
1564 1061 1566 1109 J
1600 1064 1615 1102 ς’

165 1118 350 1171 populus
370 1118 590 1160 Romanus
613 1133 703 1159 esse
725 1119 833 1160 alios
853 1119 898 1159 in
919 1122 1080 1172 senatu,
1109 1118 1180 1172 qui
1200 1121 1314 1160 recte
1335 1119 1502 1173 possint
1564 1116 1565 1121 ’

165 1176 369 1229 iudicare,
408 1191 483 1218 vos
522 1177 559 1217 si
594 1192 681 1218 non
718 1177 964 1232 potueritis,
1002 1192 1173 1218 necesse
1206 1179 1288 1229 est,
1326 1192 1421 1218 cum
1453 1177 1502 1218 de
1598 1216 1614 1220 ,,

164 1236 258 1275 toto
301 1235 447 1276 ordine
489 1235 744 1290 desperarit,
785 1236 901 1277 aliud
941 1250 1073 1290 genus
1112 1236 1334 1277 hominum
1374 1238 1501 1289 atque
1519 1248 1563 1273 201
1605 1241 1615 1279 Ξῖ

165 1293 294 1334 aliam
340 1294 552 1335 rationem
595 1294 849 1336 iudiciorum
892 1295 1094 1348 requirat.
1161 1293 1256 1335 Hoc
1300 1294 1336 1335 si
1379 1294 1500 1335 vobis
1562 1304 1563 1315 ³
1604 1333 1614 1338 .,

164 1351 258 1392 ideo
296 1352 433 1393 levius
471 1353 656 1406 videtur,
695 1353 808 1407 quod
839 1353 1003 1407 putatis
1036 1367 1141 1394 onus
1176 1367 1267 1394 esse
1300 1367 1430 1406 grave
1461 1356 1502 1394 et
1561 1354 1562 1397 ζ
1603 1359 1618 1398 „ss

163 1410 482 1452 incommodum
514 1412 712 1465 iudicare,
743 1412 994 1467 intellegere
1027 1411 1191 1452 debetis
1223 1411 1409 1465 primum
1441 1411 1500 1452 in·
1560 1412 1561 1454 ζ
1596 1408 1608 1447 ἓ

163 1472 336 1523 teresse,
362 1472 507 1510 utrum
526 1470 569 1510 id
593 1484 699 1511 onus
725 1473 892 1512 vosmet
917 1470 1001 1524 ipsi
1026 1470 1271 1524 reieceritis,
1298 1485 1364 1523 an,
1391 1469 1501 1524 quod
1559 1480 1560 1511 l
1616 1513 1618 1516 Α

162 1528 346 1581 probare
384 1529 543 1582 populo
576 1529 770 1570 Romano
802 1529 929 1570 fidem
961 1531 1148 1570 vestram
1176 1531 1218 1570 et
1249 1529 1500 1583 religionem
1519 1541 1559 1570 25}
1596 1548 1616 1575 „31

162 1601 248 1627 non
274 1587 515 1640 potueritis,
547 1602 595 1628 eo
622 1588 744 1628 vobis
776 1588 989 1629 iudicandi
1020 1590 1214 1641 potestas
1247 1590 1396 1641 erepta
1427 1587 1499 1636 sit:¹
1602 1631 1604 1633 ,

163 1644 313 1686 deinde
352 1646 482 1686 etiam
519 1646 628 1687 illud
665 1646 874 1701 cogitare,
914 1649 1073 1700 quanto
1112 1646 1301 1700 periculo
1333 1647 1500 1687 venturi
1557 1684 1558 1687 ,

163 1703 296 1745 simus
330 1704 383 1745 ad
415 1719 486 1745 eos
519 1705 696 1758 iudices,
737 1719 842 1758 quos
874 1707 1052 1759 propter
1085 1705 1228 1745 odium
1259 1705 1399 1745 nostri
1430 1719 1499 1758 po·
1608 1750 1614 1754 ,

93 1777 136 1807 23
163 1763 290 1816 pulus
328 1763 546 1804 Romanus
591 1763 641 1804 de
684 1764 809 1804 nobis
853 1764 1038 1805 voluerit
1075 1763 1273 1805 iudicare.
1342 1762 1499 1804 Verum
1556 1790 1557 1793 =
1598 1786 1618 1812 *L

163 1822 285 1862 vobis
308 1822 445 1863 dicam
465 1822 519 1875 id,
541 1822 653 1876 quod
676 1822 881 1875 intellexi,
906 1822 1077 1863 iudices.
1121 1822 1328 1863 Homines
1350 1822 1499 1863 scitote
1517 1824 1556 1873 301

164 1895 255 1921 esse
277 1880 498 1934 quosdam,
525 1895 631 1934 quos
652 1883 822 1922 tantum
844 1881 986 1922 odium
1006 1881 1147 1922 nostri
1169 1881 1328 1922 ordinis
1348 1882 1500 1932 teneat,
1554 1882 1555 1887 ’
1601 1926 1615 1929 ⁷,

162 1941 211 1980 ut
247 1939 329 1980 hoc
366 1939 510 1994 palam
549 1939 636 1980 iam
675 1940 889 1993 dictitent,
934 1954 978 1980 se
1016 1939 1165 1994 istum,
1204 1954 1329 1993 quem
1368 1939 1500 1980 sciant
1553 1950 1554 1975 l
1613 1973 1614 1976 ,

164 2013 255 2039 esse
275 1998 495 2039 hominem
520 1973 900 2053 improbissimum,
927 1998 1008 2039 hoc
1028 2013 1112 2039 uno
1138 1998 1309 2039 nomine
1337 1996 1500 2038 absolvi

163 2057 290 2109 velle,
322 2059 370 2097 ut
399 2057 453 2098 ab
486 2059 638 2098 senatu
669 2057 825 2098 iudicia
856 2072 931 2111 per
963 2057 1244 2111 ignominiam
1276 2055 1500 2109 turpitudi-

163 2130 345 2169 nemque
373 2115 632 2157 auferantur.
677 2115 795 2157 Haec
821 2130 900 2168 me,
931 2103 1101 2169 iudices,
1132 2115 1327 2169 pluribus
1360 2113 1498 2155 verbis
1516 2122 1551 2148 35Ἰ

164 2174 384 2215 vobiscum
412 2188 539 2228 agere
565 2175 707 2229 coegit
732 2189 818 2215 non
844 2175 975 2215 timor
1000 2188 1118 2214 meus
1151 2173 1200 2214 de
1232 2175 1378 2213 vestra
1408 2172 1499 2225 fide,
1615 2221 1617 2223 ι

166 2233 237 2272 sed
282 2247 379 2287 spes
423 2233 598 2274 illorum
642 2247 770 2286 nova,
816 2247 922 2286 quae
960 2247 1055 2273 cum
1086 2230 1265 2272 Verrem
1306 2246 1331 2271 a
1376 2232 1499 2285 porta
1549 2246 1550 2267 ι
1598 2254 1606 2278 g.
