1618 2584
442 61 540 97 CAP.
565 67 700 98 14—16
726 67 745 105 ς
771 66 920 97 40—46.
1298 61 1354 102 95

19 157 258 204 MANILI
296 158 383 199 ET
423 156 465 200 G'.
502 157 685 200 LUSCI
727 157 974 200 OCREAE.
1045 156 1202 199 Utrum
1250 157 1354 197 dicis

19 216 171 261 Luscio
209 217 253 257 et
282 215 462 258 Manilio
503 231 611 258 anne
643 216 794 258 Cluvio
828 231 914 258 non
947 229 1039 257 esse
1071 214 1354 257 credendum?

21 274 194 319 Planius
227 276 356 328 atque
389 276 579 329 apertius
612 275 766 316 dicam:
799 275 956 316 Utrum
980 274 1158 316 Luscius
1192 277 1234 315 et
1262 273 1353 315 Ma-
1372 271 1424 312 15

21 334 147 378 nilius
165 332 275 374 nihil
296 333 346 374 de
366 332 439 374 HS
461 344 646 375 0001000
673 348 722 374 ex
744 332 895 375 Cluvio
922 333 1159 387 audierunt,
1185 347 1240 373 an
1260 332 1356 374 Clu-

22 394 113 435 vius
148 390 307 432 falsum
340 391 494 433 Luscio
533 395 575 433 et
607 391 784 433 Manilio
823 392 958 433 dixit?
1019 391 1113 433 Hoc
1148 405 1228 446 ego
1260 391 1354 432 loco

23 451 162 494 soluto
183 451 226 490 et
246 450 391 504 quieto
413 465 507 491 sum
528 450 670 491 animo
692 453 745 504 et,
772 465 976 504 quorsum
997 450 1159 492 recidat
1183 464 1356 504 respon-

23 523 114 552 sum
151 510 291 561 tuum,
328 523 416 550 non
452 523 713 563 magnopere
744 509 913 562 laboro3
950 508 1210 549 firmissimis
1243 508 1356 549 enim

23 570 65 611 et
100 566 383 608 sanctissimis
418 567 678 609 testimoniis
710 567 901 608 virorum
934 567 1195 622 optimorum
1228 581 1356 608 causa

22 625 148 669 Rosci
184 625 448 667 communita
486 628 562 667 est.
631 624 676 667 Si
713 625 799 666 iam
836 626 917 666 tibi
956 626 1240 667 deliberatum
1279 628 1356 679 est,

25 684 175 741 quibus
203 684 385 739 abroges
412 684 539 725 fidem
564 684 669 724 iuris
695 683 875 738 iurandi,
907 685 1128 739 responde.
1178 684 1356 725 Manilio

24 745 65 786 et
87 742 241 784 Luscio
267 756 401 798 negas
428 757 519 784 esse
546 742 829 784 credendum?
879 742 971 796 Dic,
1004 743 1128 796 aude,
1161 745 1226 784 est
1257 745 1357 784 tuae

0 821 1 848 ς
24 801 324 855 contumaciae,
352 801 626 856 arrogantiae
646 801 845 854 vitaeque
865 801 1088 842 universae
1108 816 1202 843 vox.
1248 801 1359 850 Quid

24 862 254 915 exspectas,
286 874 415 914 quam
441 874 540 901 mox
566 873 646 915 ego
672 858 874 901 Luscium
900 862 943 900 et
967 859 1195 900 Manilium
1221 859 1359 901 dicam

24 919 166 962 ordine
211 933 302 960 esse
347 921 586 973 senatores,
630 920 772 959 aetate
816 918 999 973 grandes
1036 921 1160 972 natu,
1202 921 1359 959 natura

25 979 191 1021 sanctos
231 979 274 1018 et
311 977 557 1032 religiosos,
595 977 729 1031 copiis
767 977 829 1018 rei
859 977 1088 1018 familiaris
1120 977 1358 1031 locupletes

24 1039 66 1080 et
88 1035 370 1091 pecuniosos?
408 1035 508 1077 Non
532 1035 706 1090 faciam,
732 1035 841 1076 nihil
867 1035 974 1076 mihi
1000 1035 1237 1087 detraham,
1263 1050 1359 1077 cum

26 1095 108 1137 ‘llis
140 1097 312 1136 exactae
346 1094 502 1136 aetatis
536 1094 840 1146 [severissime]
873 1094 1079 1148 fructum,
1118 1108 1243 1148 quem
1275 1108 1359 1134 me-

74 1156 214 1206 erunt,
251 1153 501 1194 retribuam.
561 1152 702 1208 Magis
740 1167 835 1193 mea
874 1152 1164 1194 adulescentia
1194 1152 1360 1217 indiget

27 1213 194 1254 'llorum
221 1212 335 1253 bona
361 1211 692 1266 existimatione,
725 1226 852 1266 quam
878 1211 1055 1253 illorum
1087 1211 1360 1252 severissima

48 1273 216 1313 enectus
244 1270 457 1312 desiderat
483 1285 622 1312 meam
648 1270 830 1312 laudem.
881 1270 980 1311 Tibi
1004 1285 1118 1324 vero,
1143 1269 1256 1323 Piso,
1289 1269 1360 1310 diu

52 1329 343 1372 eliberandum
364 1332 406 1370 et
427 1329 774 1383 concoquendum
794 1331 870 1382 est,
896 1331 1041 1370 utrum
1061 1328 1205 1383 potius
1228 1327 1361 1369 Chae-

47 1403 119 1431 cae
143 1387 331 1429 iniurato
363 1388 408 1428 in
440 1402 517 1430 sua
547 1388 624 1429 lite
657 1402 712 1429 an
736 1387 915 1429 Manilio
948 1390 990 1428 et
1021 1387 1176 1429 Luscio
1207 1386 1361 1428 iuratis

104 1447 243 1489 alieno
281 1446 437 1488 iudicio
476 1447 635 1488 credas.
696 1446 927 1500 Reliquum
960 1448 1043 1500 est,
1080 1448 1129 1486 ut
1160 1444 1361 1488 Cluvium

45 1506 181 1548 alsum
213 1505 369 1546 dixisse
400 1504 554 1547 Luscio
587 1508 630 1546 et
654 1504 833 1546 Manilio
866 1505 1108 1546 contendat.
1170 1503 1293 1552 Quod
1326 1504 1362 1545 si

45 1564 144 1618 acit,
182 1579 266 1618 qua
296 1564 564 1619 impudentia
596 1566 678 1618 est,
714 1578 864 1605 eumne
895 1566 1052 1604 testem
1083 1562 1363 1617 improbabit,

55 1637 150 1666 uem
193 1622 374 1664 iudicem
416 1622 641 1677 probarit?
689 1622 727 1664 ei
769 1622 949 1677 negabit
992 1621 1106 1663 credi
1151 1623 1362 1676 oportere,

50 1682 92 1724 ui
127 1682 218 1736 ipse
257 1681 511 1723 crediderit?
557 1681 646 1722 eius
684 1681 810 1722 testis
844 1681 897 1722 ad
928 1680 1111 1722 iudicem
1142 1680 1271 1721 fidem
1301 1680 1362 1720 in-

57 1740 231 1794 rmabit,
275 1740 391 1781 cuius
436 1742 614 1795 propter
655 1740 784 1781 fidem
827 1742 870 1780 et
914 1739 1166 1794 religionem
1211 1738 1362 1780 iudicis

49 1801 156 1841 estes
194 1799 486 1854 compararit?
531 1813 657 1853 quem
695 1813 775 1854 ego
814 1798 851 1839 si
880 1798 1037 1839 ferrem
1069 1797 1270 1850 iudicem,
1301 1811 1365 1837 re—

46 1872 170 1914 ugere
200 1872 287 1899 non
319 1858 510 1912 deberet,
542 1872 637 1899 cum
669 1860 823 1898 testem
855 1857 1108 1912 producam,
1139 1856 1364 1910 reprehen-

8 1931 10 1936 ·
57 1931 124 1959 ere
155 1917 357 1958 audebit?
992 1937 994 1939 v

1381 632 1425 663 44

1386 1272 1429 1302 45

1351 1947 1433 1988 ‚16

0 2027 2 2030 y
114 1975 245 2017 ‘Dicit
277 1975 418 2029 enim',
449 1974 602 2029 inquit,
635 1973 862 2015 ‘iniuratus
894 1973 1047 2015 Luscio
1082 1975 1124 2014 et
1156 1971 1347 2014 Manilio.
1391 1999 1434 2029 46

8 2033 74 2075 ”i
109 2033 265 2077 diceret
301 2034 486 2087 iuratus,
525 2033 746 2075 crederes?
803 2033 863 2074 At
902 2032 1003 2086 quid
1040 2032 1221 2073 interest
1251 2030 1364 2072 inter

0 2144 1 2149 ¹
61 2092 242 2134 eriurum
280 2096 322 2135 et
354 2092 630 2134 mendacem?
688 2091 769 2140 Qui
801 2091 974 2132 mentiri
1007 2091 1134 2144 solet,
1172 2089 1364 2144 peierare

3 2157 6 2163 ’
55 2152 256 2194 onsuevit.
313 2151 447 2201 Quem
475 2165 566 2207 ego,
598 2153 647 2192 ut
672 2150 918 2205 mentiatur,
950 2149 1149 2191 inducere
1174 2162 1364 2203 possum,

59 2211 78 2251 t
111 2211 288 2265 peieret,
326 2225 502 2252 exorare
538 2210 664 2252 facile
699 2211 862 2264 potero.
923 2207 1037 2250 Nam
1070 2208 1143 2262 qui
1175 2207 1307 2248 semel
1340 2221 1365 2247 a

59 2269 207 2311 eritate
252 2270 440 2324 deflexit,
484 2269 554 2311 hic
598 2283 684 2310 non
729 2268 890 2309 maiore
934 2266 1143 2322 religione
1189 2265 1242 2307 ad
1272 2279 1364 2320 per·
