1618 2584
179 63 235 103 74
403 61 496 96 PRO
525 60 624 95 SEX.
651 58 822 94 ROSCIO
850 57 1071 93 AMERINO
1099 57 1289 92 ORATIO,
1552 59 1558 64 '
1609 0 1615 83 i

179 160 338 200 ciarum
358 171 519 211 ymera,
544 157 651 209 quod
673 155 817 196 habeat
834 155 975 207 plures
993 155 1274 208 possessiones,
1306 154 1522 207 mancipia,
1578 144 1581 146 ³

178 231 280 270 quae
331 217 470 259 mmzia
514 216 614 256 dicit
660 215 707 256 de
755 214 917 268 rapinis
966 214 1102 266 ipsum-
1150 213 1302 254 habere.
1375 211 1520 266 (Schol.

181 275 308 318 (ἔνου.
332 290 376 329 p.
409 278 502 316 436.
535 273 621 327 14.)

111 393 167 433 46
296 395 443 447 aptam
473 394 515 432 et
541 390 707 431 ratione
734 389 989 444 dispositam
1016 402 1059 429 se
1085 388 1244 429 habere
1265 389 1521 444 existimant,
1598 317 1617 458 Ι

183 452 256 506 qui
295 451 339 492 in
379 449 630 491 Sallentinis
670 451 744 490 aut
781 448 824 489 in
863 447 1047 488 Bruttiis
1085 447 1264 501 habent,
1308 448 1418 489 unde
1456 449 1552 494 vix⁵

182 514 249 552 ter
280 510 325 550 in
358 523 468 550 anno
502 508 648 550 audire
678 507 878 548 nuntium
909 509 1102 561 possunt.

114 573 180 603 133
271 568 396 609 Alter
417 568 498 608 tibi
519 566 736 609 descendit
757 566 806 607 de
820 566 988 607 Palatio
1010 568 1052 606 et
1073 565 1249 606 aedibus
1270 564 1376 619 suis3
1395 565 1523 607 habet

184 627 316 669 animi
349 641 478 668 causa
508 641 580 667 rus
608 640 834 666 amoenum
861 628 903 665 et
926 624 1231 677 suburbanum,
1263 624 1388 678 plura
1408 639 1523 678 prae-

183 690 301 728 terea
314 685 489 741 praedia
502 699 638 739 neque
659 687 805 725 tamen
827 684 965 725 ullum
985 683 1068 724 nisi
1088 683 1357 737 praeclarum
1372 685 1414 724 et
1434 698 1524 737 pro·
1608 712 1614 736 1

183 745 410 800 pinquum3
450 744 602 785 domus
640 743 800 784 referta
835 743 950 784 vasis
985 741 1221 783 Corinthiis
1254 744 1296 782 et
1327 741 1524 796 Deliacis,
1542 763 1569 788 ιο

183 805 227 845 in
260 803 415 858 quibus
448 805 514 844 est
546 803 758 857 authepsa
789 802 877 855 illa,
910 816 1038 855 quam
1070 802 1192 842 tanto
1223 801 1362 854 pretio
1394 816 1526 856 nuper

184 865 398 904 mercatus
419 864 497 915 est,
516 865 576 915 ut,
597 862 670 916 qui
688 863 1010 916 praetereuntes
1031 874 1284 913 praeconem
1307 861 1526 902 enuntiare

186 922 437 975 audiebant,
474 921 655 962 fundum
693 921 837 962 venire
877 920 1203 961 arbitrarentur.
1266 918 1374 967 Quid
1412 934 1527 973 prae-

184 984 303 1022 terea
318 980 474 1022 caelati
489 979 669 1035 argenti,
685 979 785 1033 quid
801 979 1020 1034 stragulae
1040 977 1186 1030 vestis,
1201 977 1302 1032 quid
1316 978 1526 1032 pictarum
1608 1005 1614 1029 ι

186 1040 445 1093 tabularum,
479 1039 581 1093 quid
613 1038 847 1094 signorum,
880 1037 981 1091 quid
1013 1036 1241 1078 marmoris
1269 1037 1381 1091 apud
1406 1037 1526 1079 illum
1544 1055 1569 1082 15
1609 1069 1611 1074 Α

186 1099 350 1153 putatis
402 1098 522 1139 esse‘?
596 1098 782 1138 Tantum
833 1097 1013 1149 scilicet,
1064 1098 1272 1150 quantum
1317 1110 1338 1136 e
1382 1096 1526 1138 multis

187 1157 506 1212 splendidisque
545 1156 721 1197 familiis
760 1156 803 1196 in
842 1156 971 1196 turba
1010 1157 1052 1195 et
1089 1154 1251 1209 rapinis
1290 1156 1528 1197 coacervari

116 1228 213 1269 (134)
241 1231 325 1257 una
368 1215 413 1256 in
457 1216 582 1257 domo
626 1215 779 1270 potuit.
842 1213 1068 1255 Familiam
1105 1228 1205 1255 vero
1245 1216 1452 1268 quantam
1489 1218 1528 1255 et

189 1290 317 1328 quam
355 1274 486 1316 variis
526 1289 621 1315 cum
661 1273 854 1314 artificiis
892 1273 1068 1326 habeat,
1107 1272 1208 1326 quid
1246 1286 1325 1327 ego
1364 1273 1528 1315 dicam?
1607 1291 1613 1324 ς

121 1347 186 1378 134
213 1333 341 1374 Mitto
362 1333 489 1374 hasce
512 1336 626 1374 artes
654 1333 867 1387 vulgares,
894 1346 1030 1384 cocos7
1056 1331 1254 1386 pistores,
1274 1331 1571 1387 lecticari0s32o

189 1392 321 1433 animi
346 1394 388 1432 et
414 1392 581 1433 aurium
608 1406 736 1433 causa
762 1393 829 1432 tot
852 1390 1047 1432 homines
1075 1390 1218 1444 habet,
1243 1393 1291 1431 ut
1317 1391 1527 1433 cotidiano
1608 1395 1610 1397 ’

188 1454 316 1493 cantu
354 1465 507 1492 vocum
546 1453 588 1492 et
625 1465 855 1491 nervorum
894 1452 936 1490 et
979 1449 1185 1490 tibiarum
1228 1450 1529 1504 nocturnisque

188 1510 391 1552 conviciis
429 1512 525 1551 tota
556 1509 754 1551 vicinitas
786 1511 999 1564 personet.
1049 1508 1098 1549 In
1124 1508 1205 1549 hac
1230 1509 1331 1561 vita,
1363 1509 1529 1563 iudices,

190 1583 295 1623 quos
329 1571 525 1623 sumptus
553 1568 802 1621 cotidianos,
836 1582 941 1621 quas
975 1567 1200 1608 effusiones
1233 1567 1326 1608 fieri
1357 1568 1528 1622 putatis,
1608 1591 1615 1617 ς

190 1642 298 1682 quae
318 1642 419 1669 vero
441 1627 666 1669 convivia?
692 1627 886 1680 honesta7
913 1626 1048 1679 credo,
1075 1626 1119 1666 in
1140 1627 1229 1667 eius
1253 1626 1369 1667 modi
1395 1627 1528 1681 domo,
1545 1643 1570 1669 25
1598 1637 1602 1690 j

190 1686 226 1727 si
277 1685 427 1727 domus
475 1686 581 1727 haec
631 1685 828 1726 habenda
879 1688 944 1726 est
995 1685 1138 1738 potius
1184 1700 1312 1739 quam
1363 1685 1529 1727 officina
1598 1691 1601 1739 Ι

123 1759 187 1789 135
214 1745 432 1799 nequitiae
466 1747 508 1785 et
541 1744 832 1790 deversorium
869 1744 1134 1799 flagitiorum
1167 1744 1369 1786 omnium.
1436 1744 1529 1798 Ipse

190 1818 291 1845 vero
343 1818 469 1857 quem
520 1803 572 1844 ad
617 1803 790 1844 modum
837 1805 1007 1856 compto
1057 1805 1099 1843 et
1143 1803 1333 1844 delibuto
1378 1804 1528 1857 capillo

190 1863 351 1917 passim
390 1877 465 1916 per
501 1861 644 1903 forum
682 1862 837 1903 volitet
875 1877 970 1903 cum
1009 1875 1167 1916 magna
1204 1864 1377 1903 caterva
1414 1865 1532 1918 toga·
1612 1885 1617 1911 2

190 1925 351 1975 torum,
390 1921 565 1974 videtis,
602 1921 779 1974 iudices,
820 1922 880 1972 [et
917 1921 1003 1961 iam
1040 1920 1213 1973 videtis,
1253 1921 1447 1975 iudices,]
1485 1923 1530 1962 ut
1545 1939 1573 1964 30

190 1995 338 2022 omnes
373 1980 593 2034 despiciat,
625 1982 673 2021 ut
705 1979 922 2021 hominem
955 1994 1057 2034 prae
1090 1994 1134 2021 se
1160 1980 1374 2021 neminem
1401 1982 1530 2035 putet,
1598 1975 1600 1982 ⁸

190 2042 238 2080 ut
277 2054 321 2080 se
360 2039 500 2080 solum
539 2040 730 2089 beatum,
777 2039 915 2080 solum
953 2041 1172 2093 potentem
1217 2041 1352 2093 putet.
1420 2038 1530 2087 Quae

190 2113 291 2139 vero
325 2097 484 2139 efficiat
517 2100 559 2139 et
592 2113 700 2152 quae
732 2100 927 2151 conetur,
959 2097 995 2138 si
1027 2097 1156 2138 velim
1190 2112 1531 2152 commemorare,

190 2171 357 2210 vereor,
399 2156 576 2211 iudices,
608 2172 661 2198 ne
695 2156 788 2211 quis
821 2156 1063 2211 imperitior
1095 2155 1312 2197 existimet
1344 2172 1410 2198 me
1443 2172 1531 2198 cau-

192 2229 284 2256 sam
316 2215 560 2257 nobilitatis
592 2215 902 2270 victoriamque
934 2215 1120 2256 voluisse
1146 2215 1331 2270 laedere3
1363 2214 1532 2257 tametsi
1548 2230 1574 2256 35

193 2288 286 2314 meo
331 2274 422 2316 iure
466 2289 661 2330 possum,
706 2275 742 2316 si
788 2275 888 2329 quid
931 2274 975 2314 in
1018 2273 1098 2315 hac
1141 2277 1265 2328 parte
1310 2274 1415 2316 mihi
1452 2289 1531 2316 non

988 2511 1618 2584 ,ζᾼὼ
