1618 2584
505 68 604 104 CAP.
627 73 716 104 7—9
742 74 761 112 ξ
787 73 935 105 20—26.
1330 73 1384 114 89

14 184 21 219 j
51 163 216 214 pridem
243 163 420 205 destitit.
476 164 571 206 Hoc
602 167 650 206 tu
680 180 901 220 umquam,
932 164 1087 220 Fanni,
1118 165 1309 209 faceres?
1345 171 1388 210 et

17 233 21 244 ³
52 222 88 264 si
106 222 185 264 1108
213 224 415 276 quaestus
442 223 628 278 recipere
654 238 816 278 posses,
841 239 927 266 non
952 225 1100 266 eodem
1125 227 1319 280 tempore
1346 230 1388 267 et

19 282 220 340 gestum
259 282 302 321 et
339 280 526 323 animam
565 282 743 336 ageres?
798 282 878 324 Dic
914 297 1025 325 nunc
1061 285 1104 324 te
1143 284 1197 325 ab
1232 284 1387 326 Roscio

49 338 122 380 HS
159 349 263 381 1000
296 338 665 394 circumscriptum
698 355 807 396 esse,
847 342 918 395 qui
950 344 1095 384 tantas
1128 344 1171 383 et
1202 344 1294 384 tam
1324 343 1388 384 in-

19 392 193 446 ’,1111111018
241 398 442 452 pecunias
487 413 574 439 non
616 402 793 453 propter
836 400 1037 441 inertiam
1081 401 1263 456 laboris,
1313 402 1388 443 sed

20 451 226 511 ¹propter
262 456 627 510 magnificentiam
660 457 938 500 liberalitatis
970 459 1225 514 repudiarit!
1275 459 1387 509 Quid

20 527 128 569 ego
165 528 278 555 nunc
314 514 392 555 illa
430 515 585 568 dicam,
629 529 737 569 quae
775 517 897 558 vobis
935 517 980 558 in
1016 520 1204 559 mentem
1240 519 1387 561 venire

20 556 23 620 1
49 574 164 614 certo
197 572 314 614 801οῬ
369 572 616 614 Fraudabat
647 576 690 615 te
721 574 765 614 in
798 575 1002 617 societate
1029 576 1228 618 Roscius!
1279 576 1388 618 Sunt

21 626 151 684 'iura,
183 633 284 672 sunt
314 630 526 672 formulae
558 632 608 672 de
641 632 840 674 omnibus
871 635 998 675 rebus
1031 635 1303 689 constitutae,
1334 650 1387 677 ne

20 674 142 744 *quis
187 691 262 730 aut
303 689 350 730 in
393 704 548 745 genere
588 690 767 732 iniuriae
806 694 881 732 aut
917 693 963 733 in
999 693 1167 735 ratione
1206 694 1386 736 actionis

21 738 23 785 1
48 762 189 790 errare
214 748 364 802 possit.
414 748 656 803 Expressae
683 752 783 790 sunt
808 750 920 791 enim
950 765 1000 792 ex
1026 752 1151 793 unius
1184 753 1387 807 cuiusque

21 788 24 861 1
48 806 214 860 damno,
235 807 392 861 dolore,
417 807 700 858 incommodo,
726 808 985 863 calamitate,
1013 810 1170 852 iniuria
1189 811 1387 866 publicae

22 880 73 932 a
96 867 296 920 praetore
321 865 546 920 formulae,
579 866 632 907 ad
664 881 770 921 quas
801 867 973 922 privata
1004 868 1057 909 lis
1095 870 1386 911 accommoda-

46 926 128 966 tur.
185 923 303 973 Quae
335 939 431 966 cum
463 925 525 965 ita
558 925 655 979 sint,
689 939 763 966 cur
794 940 881 967 non
914 927 1126 968 arbitrum
1157 943 1236 982 pro
1270 929 1385 970 socio

48 983 241 1037 adegeris
275 981 322 1031 Q.
347 983 568 1037 Roscium,
605 998 773 1038 quaero.
829 984 1078 1027 Formulam
1109 1001 1198 1027 non
1227 987 1385 1029 noras?

46 1041 287 1083 Notissima
319 1045 422 1083 erat.
472 1041 633 1084 Iudicio
667 1042 788 1097 gravi
821 1044 1003 1098 experiri
1035 1045 1244 1086 nolebas?
1277 1045 1388 1095 Quid

44 1100 136 1142 ita?
179 1103 357 1155 propter
394 1100 738 1142 familiaritatem
770 1103 989 1144 veterem?
1050 1101 1135 1144 Cur
1168 1117 1270 1158 ergo
1304 1104 1387 1145 lae-

25 1159 140 1220 dis‘?
183 1159 368 1213 Propter
410 1159 706 1214 integritatem
747 1160 964 1202 hominis?
1023 1160 1109 1202 Cur
1151 1162 1287 1217 igitur
1326 1163 1387 1203 in-

26 1230 28 1275 }
47 1217 254 1259 simulas?
291 1217 475 1272 Propter
495 1218 834 1274 magnitudinem
855 1219 1075 1261 criminis?
1113 1219 1235 1261 Itane
1255 1221 1386 1262 vero?

26 1291 174 1331 quem
198 1291 275 1331 per
302 1277 514 1318 arbitrum
540 1277 846 1318 circumvenire
874 1292 961 1319 non
991 1293 1153 1333 posses,
1186 1279 1304 1320 cuius
1338 1280 1388 1321 de

27 1347 97 1377 ea
127 1349 173 1376 re
205 1335 427 1389 proprium
457 1350 544 1377 non
577 1338 670 1377 erat
700 1336 922 1390 iudicium,
953 1337 1066 1379 hunc
1096 1352 1174 1392 per
1204 1338 1387 1379 iudicem

2 1393 368 1448 condemnabis,
409 1394 527 1435 cuius
566 1394 616 1435 de
653 1408 700 1436 ea
736 1410 781 1436 re
818 1395 986 1436 nullum
1025 1398 1090 1437 est
1129 1396 1387 1438 arbitrium?

0 1453 160 1502 :Quin
197 1455 244 1494 tu
281 1452 363 1494 hoc
401 1453 561 1494 crimen
599 1455 673 1494 aut
710 1453 847 1507 obice,
887 1454 961 1494 ubi
997 1454 1097 1495 licet
1130 1469 1275 1510 agere,
1313 1457 1388 1497 aut

28 1509 183 1552 iacere
220 1511 329 1566 noli,
366 1511 441 1552 ubi
477 1526 564 1553 non
602 1514 784 1566 oportet.
847 1511 1039 1554 Tametsi
1075 1513 1161 1554 iam
1199 1513 1281 1555 hoc
1311 1516 1387 1555 tuo

28 1569 295 1611 testimonio
333 1570 494 1611 crimen
526 1570 744 1611 sublatum
777 1572 854 1611 est.
917 1570 1047 1625 Nam,
1088 1586 1171 1626 quo
1204 1575 1252 1613 tu
1283 1574 1388 1613 tem-

29 1642 150 1684 spore
172 1628 250 1669 illa
275 1629 463 1670 formula
488 1628 552 1669 uti
576 1629 768 1682 noluisti,
793 1629 900 1669 nihil
927 1629 1040 1671 1111110
1065 1629 1110 1670 111
1136 1630 1387 1672 societatem

29 1669 207 1728 ¹fraudis
258 1686 409 1728 fecisse
453 1687 570 1728 iudi.
592 1721 600 1728 .
621 1721 629 1729 .
650 1720 659 1729 .
679 1687 853 1729 tionem.
922 1688 1111 1729 Tabulas
1156 1688 1288 1730 habet
1333 1704 1387 1731 an

46 1746 160 1787 non?
211 1744 256 1786 Si
285 1760 373 1787 non
403 1745 553 1800 habet,
586 1760 713 1800 quem
745 1746 798 1787 ad
829 1746 1003 1788 modum
1035 1747 1178 1801 pactio
1211 1748 1305 1789 est‘?
1350 1748 1387 1789 si

45 1804 194 1859 habet,
232 1819 306 1846 cur
342 1819 428 1846 non
464 1805 691 1846 nominas?
747 1804 827 1846 Dic
856 1820 969 1847 1111110
999 1805 1202 1847 Roscium
1235 1806 1311 1848 abs
1344 1809 1387 1847 te

46 1863 223 1918 petisse,
258 1865 306 1904 ut
336 1863 596 1904 familiarem
628 1878 752 1905 81111111
784 1878 974 1905 sumeres
1008 1864 1238 1905 arbitrum!
1287 1863 1388 1906 Non

46 1921 183 1977 petiit.
238 1921 319 1963 Dic
355 1922 601 1977 pactionem
634 1922 804 1976 fecisse,
842 1925 890 1963 ut
922 1923 1238 1964 absolveretur!
1287 1922 1388 1965 Non

46 1980 223 2036 pepigit.
264 1980 439 2035 Quaere,
460 1995 590 2035 quare
611 1981 667 2022 sit
688 1981 930 2022 absolutus!
964 1981 1086 2030 Quod
1107 1984 1199 2022 erat
1219 1996 1387 2023 summa

27 2039 290 2081 innocentia
340 2041 382 2080 et
431 2039 696 2095 integritate.
769 2039 878 2088 Quid
927 2040 1039 2081 enim
1081 2039 1245 2081 factum
1289 2041 1386 2082 est?

47 2095 215 2139 Venisti
241 2098 414 2140 domum
439 2099 554 2140 ultro
581 2098 720 2151 Rosci,
753 2098 859 2139 satis
891 2098 1049 2152 fecisti3
1082 2099 1194 2153 quod
1225 2101 1386 2140 temere

48 2157 318 2212 commisisti,
361 2157 407 2199 in
449 2157 652 2199 iudicium
691 2159 740 2197 ut
778 2156 1066 2211 denuntiaret,
1109 2157 1294 2212 rogasti,
1338 2160 1386 2199 ut

24 1087 27 1111 1

47 2213 306 2270 ignosceret3
337 2218 380 2257 te
407 2216 640 2257 affuturum
665 2215 849 2270 negasti,
883 2216 1034 2257 debere
1060 2215 1142 2256 tibi
1174 2231 1225 2256 ex
1257 2216 1386 2258 socie-

47 2274 136 2314 tate
161 2274 270 2315 nihil
297 2274 542 2316 clamitasti.
586 2273 722 2315 Indici
747 2274 817 2315 hic
844 2273 1129 2329 denuntiavit3
1159 2274 1383 2316 absolutus

1414 178 1457 209 24

1413 905 1439 944 9

1413 955 1458 985 25

1414 1815 1459 1846 26>
