1618 2584
477 51 579 87 CAP.
607 57 696 87 6—9
723 56 742 95 ξ
768 56 916 87 21-27.
1292 52 1373 92 107

37 150 129 192 dari
154 163 248 191 cera
274 148 481 203 legitima,
506 162 593 189 non
609 149 683 189 illa
707 147 925 190 infamiae
944 147 1119 189 nefaria.
1169 148 1313 202 Atque
1340 149 1375 189 is

36 223 122 251 non
136 211 223 248 tam
240 209 416 261 propter
430 205 610 247 Verrem
624 207 806 259 laborat,
823 222 951 262 quam
965 207 1078 260 quod
1091 221 1188 248 eum
1201 207 1376 248 minime

37 281 104 308 res
126 268 220 307 tota
241 265 437 307 delectat.
469 264 599 307 Videt
620 266 744 319 enim,
768 266 804 307 si
824 266 1003 321 apueris
1018 265 1248 319 nobilibus,
1269 279 1375 320 quos

37 325 173 368 adhuc
200 323 340 375 elusit,
373 324 407 364 si
429 339 452 365 a
480 324 899 379 quadruplatoribus,
932 339 1037 379 quos
1060 339 1147 366 non
1172 324 1262 365 sine
1283 339 1377 366 cau-

37 398 84 426 sa
102 382 362 437 contempsit
387 396 556 437 semper
585 397 633 424 ac
663 398 741 437 pro
772 383 908 425 nihilo
936 383 1116 438 putavit,
1149 382 1377 425 accusandi

35 443 234 485 voluntas
275 441 328 482 ad
358 441 474 482 viros
506 440 640 483 fortes
673 445 974 496 spectatosque
1004 442 1199 484 homines
1237 445 1374 483 trans-

34 501 126 543 lata
163 500 238 554 sit,
277 514 368 541 sese
405 500 449 540 in
488 500 654 541 iudiciis
688 500 846 541 diutius
880 501 1091 542 dominari
1120 515 1208 542 non
1238 515 1375 555 posse.

34 559 145 602 Huic
178 573 258 615 ego
290 558 455 599 homini
488 558 571 599 iam
604 560 704 599 ante
737 559 953 614 denuntio,
986 561 1021 600 si
1053 575 1078 601 a
1104 574 1170 601 me
1204 574 1374 601 causam

33 618 143 660 hanc
169 632 245 659 vos
273 617 344 672 agi
372 617 607 671 volueritis,
631 617 842 658 iationem
868 618 934 658 illi
960 618 1209 660 defendendi
1239 621 1416 661 totam

35 691 127 720 esse
153 676 415 729 mutandam,
446 678 488 717 et
518 676 579 716 ita
611 676 799 717 mutand
792 692 872 731 1111
904 679 952 718 ut
978 678 1153 718 meliore
1180 680 1223 719 et
1247 678 1378 719 hone-

35 737 166 778 stiore
187 709 443 785 condicion'e,
470 749 597 788 quam
620 749 703 788 qua
722 736 813 789 ipse
832 735 938 789 vult,
964 736 1159 777 imitetur
1180 736 1376 777 homines

35 809 120 849 eOS,
140 809 246 849 quos
266 794 358 849 ipse
377 793 486 834 vidit
506 793 806 848 amplissimos,
828 793 873 835 L.
894 793 1096 836 Crassum
1112 798 1154 836 et
1166 795 1222 836 M.
1244 796 1377 836 Anto-

33 854 165 907 nium,
198 853 271 907 qui
301 852 407 893 nihil
442 866 486 893 se
519 853 844 894 arbitrabantur
876 853 929 894 ad
959 853 1115 895 iudicia
1141 868 1376 908 causasque

35 913 270 955 amicorum
297 915 468 966 praeter
499 911 623 952 fidem
658 914 701 952 et
731 912 952 967 ingenium
984 912 1135 954 afferre
1167 915 1377 967 oportere.

34 970 155 1014 Nihil
197 971 296 1024 erit,
335 970 448 1024 quod
485 984 552 1011 me
590 973 744 1025 agente
787 971 1021 1012 arbitretur
1051 971 1254 1013 iudicium
1286 972 1377 1013 sine

34 1045 193 1086 magno
231 1029 465 1070 multorum
504 1029 693 1083 periculo
731 1043 858 1084 posse
899 1030 1127 1084 corrumpi.
1193 1030 1288 1085 Ego
1332 1030 1378 1071 in

34 1089 117 1132 hoc
148 1089 302 1130 iudicio
335 1087 442 1129 mihi
474 1086 713 1129 Siculorum
747 1103 920 1129 causam
956 1091 1190 1143 receptam,
1229 1089 1379 1143 populi

35 1148 220 1190 Romani
258 1149 501 1201 susceptam
539 1161 631 1188 esse
672 1147 877 1201 arbitror,
918 1150 966 1188 ut
1003 1147 1109 1188 mihi
1146 1162 1233 1189 non
1269 1162 1377 1188 unus

35 1207 165 1250 homo
217 1206 440 1261 improbus
497 1205 800 1260 opprimendus
857 1206 930 1261 sit,
987 1206 1029 1247 id
1085 1206 1198 1260 quod
1248 1204 1379 1248 Siculi

36 1267 297 1321 petiverunt,
342 1265 416 1306 sed
453 1265 590 1306 omnis
631 1264 906 1320 improbitas,
949 1265 993 1306 id
1037 1265 1150 1319 quod
1192 1265 1377 1320 populus

36 1325 256 1367 Romanus
284 1324 372 1365 iam
398 1323 467 1364 diu
494 1323 678 1378 flagitat,
710 1324 1020 1379 exstinguenda
1046 1327 1174 1378 atque
1201 1324 1380 1365 delenda

38 1385 105 1426 sit.
166 1383 218 1424 In
256 1397 338 1436 quo
379 1396 458 1438 ego
498 1382 599 1436 quid
631 1382 735 1423 eniti
767 1386 841 1424 aut
873 1383 975 1436 quid
1007 1382 1172 1424 efficere
1204 1383 1379 1437 possim,

37 1443 152 1485 malo
172 1443 217 1483 in
243 1442 425 1483 aliorum
457 1455 532 1495 spe
564 1441 804 1495 relinquere
831 1456 959 1496 quam
991 1442 1034 1482 in
1065 1441 1258 1483 oratione
1285 1456 1379 1483 mea

36 1516 206 1558 ponere.

125 1560 191 1601 Tu
216 1574 328 1610 vero,
354 1558 526 1611 Caecili,
555 1559 656 1612 quid
681 1560 834 1614 potes?
868 1574 951 1614 quo
976 1562 1170 1614 tempore
1197 1562 1271 1600 aut
1297 1574 1380 1613 qua

36 1620 80 1662 in
112 1634 158 1660 re
189 1633 276 1660 non
306 1618 432 1659 modo
465 1618 618 1659 ceteris
651 1618 864 1672 specimen
897 1618 1071 1672 aliquod
1103 1618 1276 1672 dedisti,
1308 1618 1381 1659 sed

38 1681 130 1721 tute
162 1678 226 1719 tui
257 1677 494 1732 periculum
525 1676 696 1718 fecisti?
745 1676 795 1718 In
821 1679 1008 1718 mentem
1034 1677 1116 1718 tibi
1140 1691 1227 1718 non
1251 1677 1381 1731 venit,

39 1737 139 1793 quid
182 1737 346 1791 negotii
390 1736 446 1777 sit
488 1750 660 1777 causam
704 1736 923 1790 publicam
967 1736 1195 1789 sustinere,
1246 1736 1381 1777 vitam

40 1796 217 1840 alterius
243 1798 381 1837 totam
409 1794 621 1848 explicare
647 1797 776 1849 atque
797 1810 890 1836 eam
908 1809 997 1836 non
1014 1794 1141 1836 modo
1162 1795 1207 1835 in
1226 1795 1381 1836 animis

39 1855 243 1909 iudicum,
284 1854 358 1896 sed
396 1853 525 1895 etiam
562 1854 608 1894 in
653 1854 786 1895 oculis
832 1856 1146 1908 conspectuque
1191 1854 1382 1895 omnium

40 1928 267 1970 exponere,
306 1913 518 1955 sociorum
556 1912 759 1966 salutem,
797 1913 1021 1954 commoda
1051 1912 1381 1967 provinciarum,

39 1974 127 2014 vim
141 1974 298 2029 legum,
319 1972 579 2028 gravitatem
593 1971 847 2012 iudiciorum
867 1971 1119 2013 defendere?
1158 1970 1380 2026 Cognosce

41 2046 90 2074 ex
122 2047 207 2086 me,
245 2032 447 2086 quoniam
478 2031 560 2072 hoe
590 2030 777 2085 primum
809 2033 978 2085 tempus
1012 2030 1199 2071 discendi
1229 2032 1380 2071 nactus

42 2105 104 2145 es,
146 2106 274 2145 quam
318 2091 455 2132 multa
500 2103 591 2131 esse
638 2091 837 2144 oporteat
879 2090 924 2130 in
969 2103 1036 2144 eo,
1080 2089 1153 2143 qui
1197 2089 1381 2130 alterum

43 2153 228 2204 accuset,
261 2165 309 2191 ex
343 2150 496 2204 quibus
530 2148 563 2189 si
595 2163 726 2189 unum
759 2148 933 2202 aliquod
963 2148 1006 2189 in
1038 2150 1082 2189 te
1116 2148 1382 2203 cognoveris,

42 2222 121 2264 ego
151 2209 239 2250 iam
269 2209 352 2250 tibi
382 2209 474 2264 ipse
505 2208 635 2261 istuc,
667 2207 780 2261 quod
812 2207 993 2262 expetis,
1031 2221 1127 2248 mea
1157 2206 1381 2248 voluntate

42 2267 280 2309 concedam.
346 2267 539 2309 Primum
579 2266 876 2322 integritatem
921 2269 1048 2320 atque
1091 2265 1382 2307 innocentiam

1403 585 1445 617 25

1407 1976 1432 2015 9
