1618 2584
364 226 452 261 LIB.
480 226 530 261 IV
576 226 678 261 CAP.
706 230 842 261 55-57
870 229 889 267 ξ
918 229 1112 260 123—128.
1322 226 1405 265 417

71 324 194 364 erant
214 321 303 364 eius
324 321 451 376 modi,
477 325 525 363 ut
545 321 676 363 semel
697 321 854 362 vidisse
876 321 981 362 satis
1002 321 1165 373 essetD,
1190 321 1234 361 in
1256 321 1409 374 quibus

71 395 207 435 neque
233 395 362 422 manu
387 380 549 422 factum
581 381 808 434 quicquam
840 394 977 434 neque
1009 379 1283 434 pulchritudo
1318 382 1411 420 erat

71 440 179 493 ulla,
218 439 291 480 sed
329 442 498 480 tantum
538 438 791 494 magnitudo
823 438 1103 492 incredibilis,
1144 438 1193 479 de
1227 452 1310 492 qua
1342 437 1409 478 vel

73 498 218 540 audire
257 499 363 539 satis
403 500 532 551 esset,
576 497 755 538 nimium
793 497 935 538 videre
972 497 1070 552 plus
1110 511 1239 551 quam
1278 496 1409 537 semel

38 567 54 594 5
74 581 130 586 ——
163 557 293 598 etiam
325 557 368 597 id
400 556 666 611 concupisti?
1456 591 1477 605 ,.

158 615 270 657 Nam
304 614 496 670 Sappho,
535 629 642 669 quae
675 614 848 656 sublata
881 615 931 656 de
963 614 1164 669 prytanio
1197 616 1280 668 est,
1313 613 1386 654 dat
1415 592 1479 673 ἐξ)

71 674 153 715 tibi
172 674 332 716 iustam
352 673 681 726 excusationem,
707 687 839 728 prope
865 675 913 714 ut
939 673 1254 714 concedendum
1281 674 1410 726 atque

70 733 377 788 ignoscendum
398 746 490 774 esse
509 732 717 773 videatur.
762 730 993 773 Silanionis
1015 746 1122 787 opus
1148 734 1239 773 tam
1265 746 1359 786 per-
1381 735 1480 778 (126)

69 792 247 845 fectum,
284 794 375 832 tam
407 791 600 846 elegans,
637 793 728 831 tam
761 790 1032 832 elaboratum
1065 791 1291 844 quisquam
1323 803 1411 831 non

19 861 52 887 ιο
72 850 198 892 modo
219 850 427 905 privatus,
454 850 527 891 sed
546 850 731 904 populus
751 849 894 903 potius
917 849 1098 890 haberet
1124 864 1253 903 quam
1279 849 1410 890 homo

71 909 419 964 elegantissimus
446 911 574 963 atque
600 908 927 962 eruditissimus,
952 907 1139 950 Verres?
1194 907 1411 949 Nimirum

69 971 220 1009 contra
248 968 330 1009 dici
355 967 463 1009 nihil
488 970 643 1022 potest.
693 966 904 1009 Nostrum
931 967 1044 1008 enim
1076 980 1186 1008 unus
1219 967 1410 1021 quisque,

72 1026 144 1080 qui
176 1029 266 1068 tam
298 1026 433 1080 beati,
471 1041 600 1080 quam
630 1026 713 1067 iste
746 1028 828 1080 est,
866 1040 953 1067 non
985 1040 1149 1078 sumus,
1187 1028 1277 1067 tam
1312 1024 1412 1066 deli-

71 1085 156 1127 cati
183 1099 275 1127 esse
300 1099 387 1126 non
412 1099 654 1139 possumus,
687 1085 723 1126 si
750 1084 919 1139 quando
948 1084 1111 1139 aliquid
1136 1084 1262 1126 istius
1295 1083 1413 1125 modi.

20 1155 53 1180 ¹5
72 1143 215 1185 videre
235 1144 364 1197 volet,
392 1147 462 1185 eat
483 1144 535 1185 ad
562 1144 709 1185 aedem
728 1143 980 1197 Felicitatis,
1007 1143 1061 1185 ad
1086 1145 1411 1184 monumentum

71 1201 227 1255 Catuli,
253 1203 298 1244 in
323 1204 538 1257 porticum
564 1202 741 1255 Metelli,
769 1202 840 1243 det
866 1217 1053 1257 operam,
1082 1205 1130 1242 ut
1157 1202 1412 1243 admittatur

69 1261 114 1302 in
149 1262 328 1303 alicuius
359 1261 543 1302 istorum
575 1260 882 1315 Tusculanum,
920 1263 1084 1316 spectet
1114 1261 1257 1302 forum
1291 1275 1412 1302 orna-

69 1323 175 1374 tum,
202 1320 238 1361 si
260 1320 360 1374 quid
380 1320 461 1361 iste
490 1334 663 1361 suorum
691 1320 900 1361 aedilibus
927 1319 1228 1373 commodarit3
1253 1318 1411 1361 Verres

69 1379 175 1421 haec
206 1379 366 1421 habeat
399 1379 531 1432 domi,
564 1379 720 1420 Verres
753 1378 1016 1420 ornamentis
1048 1379 1249 1420 fanorum
1282 1381 1411 1432 atque

19 1449 52 1473 2⁰
72 1437 326 1491 oppidorum
375 1437 535 1479 habeat
583 1438 755 1492 plenam
804 1437 996 1490 domum,
1044 1438 1173 1479 villas
1216 1436 1411 1478 refertas.

71 1496 273 1538 Etiamne
299 1497 426 1537 huius
454 1496 639 1551 operarii
665 1496 808 1537 studia
835 1511 882 1538 ac
910 1496 1096 1551 delicias,
1120 1496 1293 1549 iudices,
1319 1510 1410 1550 per-

71 1555 249 1597 feretis?
283 1555 356 1610 qui
387 1555 450 1596 ita
480 1558 625 1608 natus,
657 1554 720 1596 ita
753 1555 955 1596 educatus
989 1558 1071 1608 est,
1103 1555 1167 1596 ita
1196 1554 1337 1596 factus
1370 1557 1412 1596 et

72 1614 216 1656 animo
261 1617 304 1655 et
347 1628 543 1668 corpore,
586 1616 635 1655 ut
679 1614 815 1655 multo
862 1613 1101 1667 adpositior
1144 1614 1198 1655 ad
1238 1613 1411 1655 ferenda

73 1687 201 1727 quam
229 1673 282 1714 ad
309 1673 537 1714 auferenda
569 1673 695 1728 signa
726 1687 819 1714 esse
850 1672 1057 1714 videatur.
1107 1672 1251 1727 Atque
1282 1672 1388 1714 haec
1417 1679 1481 1711 127

17 1741 53 1768 ²5
73 1730 247 1787 Sappho
298 1732 471 1773 sublata
515 1734 723 1786 quantum
768 1731 1024 1772 desiderium
1069 1731 1134 1773 sui
1177 1731 1413 1785 reliquerit,

73 1791 155 1833 dici
198 1791 269 1832 vix
312 1793 469 1845 potest.
537 1789 650 1832 Nam
694 1805 789 1832 cum
827 1790 922 1845 ipsa
956 1790 1040 1831 fuit
1076 1790 1248 1846 egregie
1285 1791 1413 1844 facta,

71 1852 165 1891 tum
208 1849 476 1905 epigramma
517 1848 728 1891 Graecum
771 1849 994 1904 pernobile
1036 1849 1219 1891 incisum
1264 1852 1329 1891 est
1368 1849 1413 1890 in

71 1908 178 1961 basi,
211 1908 324 1963 quod
352 1909 435 1950 iste
468 1907 660 1950 eruditus
691 1908 821 1950 homo
854 1910 897 1949 et
924 1907 1171 1962 Graeculus,
1204 1907 1277 1962 qui
1308 1908 1413 1950 haec

74 1967 292 2009 subtiliter
322 1967 502 2021 iudicat,
543 1967 614 2021 qui
647 1967 764 2009 solus
796 1967 1031 2022 intellegit,
1070 1967 1106 2008 si
1136 1981 1267 2008 unam
1299 1966 1414 2008 litte-

37 2037 163 2068 Oram
211 2027 419 2068 Graecam
463 2026 632 2079 scisset,
677 2028 789 2067 certe
834 2040 919 2067 una
963 2025 1221 2067 sustulisset.
1288 2024 1414 2068 Nunc

74 2085 198 2138 enim,
232 2085 345 2139 quod
376 2084 583 2139 scriptum
617 2087 682 2126 est
714 2084 830 2125 inani
861 2084 907 2125 in
937 2084 1045 2138 basi,
1078 2084 1278 2138 declarat,
1312 2083 1413 2139 quid

71 2143 220 2198 fuerit,
253 2146 295 2185 et
326 2143 369 2185 id
402 2144 596 2185 ablatum
627 2143 798 2185 indicat.

160 2201 300 2251 Quid?
333 2203 505 2258 signum
530 2201 711 2244 Paeanis
739 2217 788 2243 ex
816 2202 917 2244 aede
938 2201 1170 2257 Aesculapi
1195 2202 1414 2256 praeclare

71 2261 252 2316 factum,
291 2276 458 2303 sacrum
498 2276 547 2303 ac
585 2261 854 2316 religiosum,
891 2275 978 2303 non
1010 2261 1255 2303 sustulisti?
1300 2260 1414 2315 quod

23 2329 53 2355 ³⁵
74 2334 221 2362 omnes
247 2323 425 2375 propter
456 2320 821 2375 pulchritudinem
852 2320 1001 2373 visere,
1033 2322 1211 2374 propter
1241 2319 1413 2375 religio-

71 2393 169 2420 nem
207 2379 346 2421 colere
386 2379 596 2421 solebant.
666 2378 804 2427 Quid?
850 2393 900 2420 ex
938 2379 1040 2421 aede
1078 2378 1223 2420 Liberi
1262 2378 1388 2420 simu·
1416 2386 1481 2418 128

72 2437 237 2480 lacrum
259 2438 447 2479 Aristaei
473 2452 559 2479 non
590 2440 666 2479 tuo
699 2437 879 2493 imperio
911 2438 1055 2493 palam
1088 2437 1284 2479 ablatum
1317 2437 1412 2479 est?

142 2513 212 2539 clo.
230 2514 271 2539 11.
294 2515 317 2538 1.
1085 2510 1127 2540 ‘27
