1618 2584
121 599 138 627 10

97 1150 114 1174 (J

98 1950 139 1979 64

97 1093 151 1133 ⁸.)ss
200 1117 206 1122 ·

109 1147 138 1174 '3

168 257 252 298 222
567 257 616 290 m
644 257 679 291 C.
701 256 905 290 VERREM
931 256 1030 290 Aer.
1059 258 1100 292 11.

168 352 437 406 quindeciens
476 353 665 407 pecunia.
726 351 884 393 Utrum
923 367 990 392 res
1031 353 1083 393 ab
1122 353 1245 393 initio
1284 354 1343 394 ita
1376 353 1501 395 ducta

167 415 231 452 est
269 427 323 452 an
362 412 414 452 ad
453 415 689 452 extremum
728 411 790 451 ita
827 411 1047 465 perducta,
1087 426 1141 452 an
1179 412 1240 453 ita
1272 427 1404 466 parva
1437 416 1501 453 est

167 471 343 524 pecunia
388 484 441 510 an
484 470 520 510 is
567 470 730 521 [homo]
771 468 945 523 Verres,
995 472 1043 510 ut
1086 470 1206 523 haec,
1252 485 1358 524 quae
1404 472 1501 524 (lixi,

167 530 303 584 gratis
336 528 452 569 facta
483 528 708 569 videantur
741 530 862 569 esse?

254 588 334 627 Hic
377 602 488 628 nunc
527 587 576 627 de
616 587 787 628 miseria
825 586 1081 639 Siculorum,
1126 587 1301 639 iudices,
1346 589 1498 629 audite.
1539 602 1553 625 5
1603 585 1605 596 '

166 645 223 687 Et
268 646 491 686 Heraclius
535 646 608 686 ille
653 644 941 698 Syracusanus
987 648 1028 686 et
1071 646 1140 687 liic
1184 646 1361 687 Bidinus
1403 647 1501 701 Epi-

167 707 304 745 crates
332 705 497 758 expulsi
525 704 648 745 bonis
677 705 872 745 omnibus
902 705 1082 746 Romam
1112 709 1335 758 venerunt,
1369 706 1498 746 sordi-

167 763 267 816 dati,
298 764 484 804 maxima
510 764 644 804 barba
672 765 713 803 et
742 764 898 817 capillo
926 764 1085 805 Romae
1118 764 1335 805 biennium
1368 780 1500 819 prope

168 824 355 874 suerunt,
402 823 541 876 quoad
578 822 623 862 L.
656 821 855 863 Metellus
901 822 943 863 in
982 823 1245 876 provinciam
1285 823 1500 877 profectus

167 884 242 921 est.
310 880 419 921 Tum
464 881 536 921 isti
581 882 687 921 bene
731 882 1015 922 commendati
1059 897 1154 923 cum
1198 882 1371 923 Metello
1418 897 1535 923 una}

165 940 502 994 proficiscuntur.
577 940 777 980 Metellus
829 940 956 980 simul
1002 955 1049 981 ac
1096 941 1212 981 venit
1258 939 1502 995 Syracusas,

166 1001 394 1052 utrumque
444 998 634 1049 rescidit,
682 1001 724 1039 et
772 999 820 1039 de
865 998 1065 1053 Epicrate
1110 1002 1152 1039 et
1197 1000 1246 1039 de
1290 999 1502 1041 Heraclio.

166 1057 216 1097 111
259 1058 481 1111 utriusque
526 1058 650 1098 bonis
688 1058 794 1098 nihil
834 1061 943 1111 erat,
989 1058 1100 1111 quod
1138 1058 1307 1098 restitui
1344 1062 1502 1113 posset,

166 1116 249 1156 nisi
288 1116 323 1156 si
363 1117 463 1170 quid
502 1116 663 1157 moveri
698 1117 790 1158 loco
824 1132 908 1157 non
940 1119 1151 1170 potuerat.
1214 1116 1390 1157 Fecerat
1422 1118 1502 1159 hoc

167 1175 338 1230 egregie
375 1176 515 1229 primo
555 1175 739 1216 adventu
770 1175 987 1229 Metellus,
1026 1178 1074 1216 ut
1107 1190 1252 1216 omnes
1285 1176 1409 1217 istius
1442 1177 1501 1217 in-

167 1234 310 1287 iurias,
335 1250 439 1288 quas
462 1234 587 1275 modo
614 1237 771 1288 posset,
797 1234 1056 1275 rescinderet
1083 1237 1124 1275 et
1150 1235 1303 1275 inritas
1331 1236 1500 1276 faceret.

166 1292 287 1341 Quod
314 1293 559 1334 Heraclium
587 1293 757 1333 restitui
783 1294 966 1334 iusserat
994 1308 1042 1334 ac
1068 1308 1153 1333 non
1180 1294 1499 1346 restituebatur,

168 1352 358 1406 quisquis
398 1355 490 1393 erat
529 1352 703 1393 eductus
742 1355 915 1393 senator
948 1351 1239 1405 Syracusanus
1278 1353 1331 1393 ab
1368 1352 1501 1393 Hera—

166 1411 267 1464 clio,
306 1411 399 1452 duci
437 1411 631 1464 iubebat3
670 1412 813 1464 itaque
851 1411 1055 1465 permulti
1087 1411 1202 1452 ducti
1235 1414 1344 1452 sunt.
1400 1412 1501 1466 Epi-

1523 1188 1554 1213 15
1588 1181 1617 1211 ;:f

167 1472 304 1510 crates
350 1470 519 1523 quidem
564 1470 764 1510 continuo
807 1473 871 1510 est
909 1470 1148 1510 restitutus.
1210 1470 1310 1510 Alia
1347 1470 1535 1511 iudicia-2

166 1528 373 1582 Lilybaei,
406 1529 491 1569 alia
512 1528 755 1583 Agrigenti,
788 1528 873 1569 alia
898 1528 1131 1569 Panhormi
1157 1529 1358 1569 restituta
1392 1533 1501 1572 sunt.

168 1586 343 1640 Census,
376 1587 448 1640 qui
473 1587 557 1628 isto
585 1590 782 1641 praetore
810 1590 909 1627 sunt
934 1587 1084 1641 habiti,
1116 1602 1202 1628 non
1234 1591 1499 1629 servaturum

168 1661 210 1687 se
255 1646 457 1686 Metellus
503 1646 766 1697 ostenderat,
814 1646 1028 1700 decumas,
1074 1661 1178 1700 quas
1222 1647 1303 1687 iste
1353 1650 1501 1688 contra

167 1705 306 1760 legem
346 1705 620 1746 Hieronicam
658 1705 923 1757 vendiderat,
965 1720 1057 1746 sese
1096 1705 1365 1746 venditurum
1404 1706 1501 1747 Hie-

166 1764 313 1805 ronica
340 1764 433 1819 lege
467 1764 667 1805 edixerat.
719 1763 871 1804 Omnia
904 1766 1025 1804 erant
1056 1763 1221 1804 Metelli
1253 1764 1341 1805 eius
1375 1766 1500 1813 modi,

166 1826 213 1863 ut
239 1838 325 1863 non
350 1826 441 1863 tam
468 1837 588 1863 suam
616 1825 861 1876 praeturam
888 1836 1034 1876 gerere
1068 1838 1194 1876 quam
1224 1823 1349 1863 istius
1382 1839 1499 1877 prae-

166 1884 308 1922 turam
335 1885 525 1921 retexere
554 1881 781 1921 videretur.
827 1880 959 1921 Simul
988 1883 1114 1934 atque
1142 1896 1220 1935 ego
1247 1882 1291 1921 in
1312 1880 1501 1923 Siciliam

167 1941 279 1993 veni,
318 1943 508 1980 mutatus
549 1943 624 1980 est.
687 1940 874 1980 Venerat
913 1940 964 1980 ad
1004 1955 1098 1980 eum
1130 1940 1206 1980 illo
1240 1940 1366 1981 biduo
1400 1941 1501 1982 Lae-

166 1999 285 2039 tilius
319 1999 503 2052 quidam,
535 1999 664 2039 homo
697 2013 782 2038 non
815 1998 977 2038 alienus
1011 2013 1034 2038 a
1067 1999 1241 2051 litteris3
1274 1999 1418 2053 itaque
1452 2014 1499 2041 eo

167 2059 247 2098 iste
292 2057 520 2098 tabellario
566 2072 732 2111 semper
777 2071 877 2097 usus
917 2060 992 2097 est.
1060 2056 1102 2097 Is
1146 2058 1352 2111 epistulas
1392 2074 1497 2100 com-

168 2117 310 2170 plures
341 2117 559 2170 attulerat,
592 2116 635 2156 111
668 2116 733 2156 his
767 2131 893 2156 unam
929 2116 1067 2169 domo,
1100 2131 1206 2169 quae
1240 2119 1379 2157 totum
1414 2133 1500 2158 mu-

167 2178 282 2216 tarat
303 2176 531 2216 hominem.
582 2175 772 2229 Repente
794 2176 934 2228 coepit
955 2175 1091 2215 (licere
1119 2190 1162 2215 se
1189 2176 1331 2216 omnia
1355 2176 1499 2217 Verris

167 2249 294 2275 causa
331 2235 459 2287 velle3
505 2234 586 2275 sibi
626 2249 719 2275 cum
759 2248 806 2274 eo
846 2234 1077 2274 amicitiam
1118 2235 1499 2289 cognationemque

168 2308 269 2334 esse.
313 2293 584 2334 Mirabantur
605 2307 750 2333 omnes
771 2293 851 2333 hoc
872 2292 909 2332 ei
930 2295 1020 2333 tum
1043 2293 1220 2345 denique
1244 2293 1287 2333 in
1315 2296 1499 2334 mentem

166 2353 344 2404 venisse,
371 2355 653 2406 posteaquam
674 2354 763 2391 tam
788 2351 934 2391 multis
963 2366 1058 2391 eum
1083 2351 1208 2392 factis
1237 2352 1498 2406 decretisque

167 2411 415 2464 iugulasset.
472 2411 626 2464 Erant,
660 2410 730 2463 qui
762 2413 964 2464 putarent
991 2410 1219 2450 Laetilium
1254 2411 1443 2465 legatum
1476 2427 1499 2451 a

1521 1776 1552 1801 25
1573 1780 1615 1803 :zm

1519 2065 1567 2094 30³
1599 2076 1618 2097 μ

1518 2360 1547 2386 35
1558 2371 1559 2377 ’

176 2469 300 2510 ”fferre
328 2470 504 2521 venisse,
533 2470 605 2523 qui
633 2469 830 2524 gratiam,
858 2468 1090 2509 amicitiam
1117 2470 1498 2523 cognationemque
1555 2490 1556 2496 κ
1590 2483 1618 2507 tm:
