1685 2574
247 105 305 145 40
472 104 565 139 PRO
593 104 692 139 SEX.
719 104 888 139 ROSCIO
920 103 1144 138 AMERINO
1172 99 1363 138 ORATIO.

248 200 293 241 in
331 214 490 255 magna
528 200 695 241 familia
733 199 805 253 qui
842 200 1055 240 neminem
1085 214 1221 254 neque
1254 214 1423 241 servum
1453 213 1587 254 neque

180 273 222 304 23
251 258 454 300 libertum
493 259 737 313 improbum
775 258 945 299 habeat.
1005 257 1175 299 Interea
1205 259 1287 299 iste
1320 257 1366 299 T.
1399 257 1588 311 Roscius,

248 317 314 359 vir
356 317 563 371 optimus,
600 319 853 370 procurator
887 315 1173 372 Chrysogoni,
1211 316 1431 357 Ameriam
1462 317 1590 370 venit,

248 376 292 416 in
332 376 506 430 praedia
543 375 669 416 huius
708 375 890 428 invadit,
930 375 1043 416 hunc
1080 375 1300 429 miserum,
1344 375 1462 416 luctu
1499 389 1587 429 per-

250 434 398 487 ditum,
433 434 503 487 qui
535 433 724 474 nondum
757 434 887 474 etiam
921 433 1064 475 omnia
1095 436 1275 488 paterno
1306 433 1446 474 funeri
1476 434 1622 474 iustas

250 492 464 545 solvisset,
494 492 655 533 nudum
687 492 786 534 eicit
818 492 942 533 domo
976 495 1103 546 atque
1129 492 1235 533 focis
1262 492 1414 547 patriis
1442 492 1589 546 disque

249 551 476 606 penatibus
504 551 794 605 praecipitem,
820 551 992 605 iudices,
1019 551 1231 605 exturbat,
1262 551 1353 605 ipse
1381 550 1590 605 amplissi-

250 623 345 650 mae
395 610 599 663 pecuniae
645 610 696 650 fit
737 609 945 651 dominus.
1019 609 1099 658 Qui
1143 610 1187 650 in
1231 623 1308 650 sua
1352 623 1396 649 re
1439 609 1590 650 fuisset

250 667 572 722 egentissimus,
611 670 721 721 erat,
760 671 808 709 ut
844 668 911 722 fit,
948 668 1137 710 insolens
1175 668 1220 709 in
1258 668 1417 721 aliena3
1455 668 1591 709 multa

250 726 394 780 palam
428 726 597 768 domum
640 741 762 768 suam
794 727 1032 780 auferebat,
1068 727 1193 781 plura
1225 727 1337 767 clam
1370 726 1419 766 de
1451 725 1588 767 medio
1609 739 1647 764 ιο,
1681 735 1685 762 ι’

250 785 511 838 removebat,
543 799 629 826 11011
660 800 796 839 pauca
822 786 909 826 suis
937 785 1204 826 adiutoribus
1231 785 1352 840 large
1379 784 1590 838 effuseque

251 842 452 897 donabat,
485 844 651 897 reliqua
683 845 920 886 constituta
952 844 1148 885 auctione
1180 843 1403 884 vendebat.

339 901 461 950 Quod
492 902 709 944 Amerinis
741 917 875 956 usque
909 917 956 944 eo
990 903 1129 944 visum
1163 904 1228 944 est
1264 902 1506 957 indignum,
1544 905 1591 943 ut
1650 897 1683 960 Ι

249 960 354 1001 urbe
404 963 499 1002 tota
547 961 672 1002 fletus
722 962 992 1017 gemitusque
1034 961 1167 1002 fieret.
1234 959 1407 1001 Etenim
1455 960 1591 1001 multa
1650 957 1685 996 11

250 1019 377 1059 simul
411 1022 510 1061 ante
543 1021 686 1062 oculos
718 1021 1020 1072 versabantur,
1063 1033 1178 1060 mors
1216 1019 1402 1060 hominis
1440 1019 1588 1060 floren·
1608 1030 1637 1057 15

249 1077 407 1118 tissimi
422 1076 514 1119 Sex.
528 1078 656 1120 Rosci
670 1079 975 1131 crudelissima,
989 1078 1067 1118 filii
1082 1081 1225 1119 autem
1243 1078 1331 1119 eius
1348 1080 1517 1133 egestas
1531 1078 1590 1119 in-

251 1136 515 1191 dignissima,
541 1137 608 1178 cui
629 1137 678 1178 de
698 1140 821 1178 tanto
842 1137 1102 1192 patrimonio
1123 1137 1280 1191 praedo
1300 1136 1382 1177 iste
1401 1136 1588 1177 nefarius

248 1209 301 1235 ne
345 1195 427 1236 iter
472 1196 642 1249 quidem
687 1196 739 1237 ad
784 1196 1056 1250 sepulchrum
1100 1195 1289 1250 patrium
1333 1195 1590 1249 reliquisset,

249 1253 460 1294 bonorum
493 1255 652 1308 emptio
686 1255 919 1308 flagitiosa,
957 1254 1191 1309 possessio,
1230 1254 1363 1307 furta,
1404 1254 1589 1308 rapinae,

250 1311 513 1354 donationes.
551 1312 689 1354 Nemo
711 1316 815 1365 erat,
836 1313 907 1366 qui
927 1328 1013 1354 non
1028 1313 1175 1354 ardere
1195 1313 1270 1354 villa
1284 1312 1428 1354 omnia
1442 1313 1590 1353 mallet
1608 1323 1637 1349 20

249 1384 378 1423 quam
415 1371 558 1412 videre
596 1372 640 1412 in
673 1370 765 1412 Sex,
804 1371 949 1421 Rosci,
987 1371 1068 1412 viri
1107 1371 1259 1425 optimi
1298 1373 1426 1425 atque
1465 1371 1590 1412 110110-

250 1428 447 1483 stissimi,
492 1430 616 1471 bonis
648 1431 877 1471 iactantem
925 1445 968 1471 se
1008 1445 1055 1471 ac
1094 1429 1386 1471 dominantem
1424 1428 1470 1470 T.
1511 1429 1590 1470 Ro·

178 1503 222 1533 ·25
250 1487 396 1528 scium.
470 1487 621 1542 Itaque
665 1488 938 1530 decurionum
984 1489 1199 1530 decretum
1240 1488 1389 1529 statim
1433 1488 1501 1541 fit,
1544 1490 1590 1529 ut

249 1546 393 1587 decem
430 1546 559 1601 primi
596 1547 923 1601 proficiscantur
961 1547 1014 1588 ad
1045 1547 1090 1589 L.
1123 1545 1287 1588 Sullam
1327 1547 1588 1600 doceantque

249 1619 356 1659 eum,
389 1605 462 1659 qui
487 1607 553 1647 vir
572 1604 665 1646 Sex.
685 1606 864 1648 Roscius
890 1606 1037 1659 fuerit,
1069 1608 1385 1660 conquerantur
1411 1605 1461 1646 de
1487 1605 1586 1646 isto·
1604 1615 1633 1642 2⁵

247 1678 343 1705 rum
364 1665 520 1705 scelere
540 1667 582 1705 et
602 1665 781 1718 iniuriis,
807 1667 944 1717 orent,
970 1667 1019 1705 ut
1039 1667 1081 1705 et
1101 1665 1218 1705 illius
1244 1664 1405 1705 mortui
1429 1664 1588 1705 famam

248 1724 291 1763 et
328 1722 408 1763 filii
444 1723 684 1764 innocentis
722 1723 919 1764 fortunas
961 1726 1236 1764 conservatas
1268 1723 1385 1764 velit.
1447 1722 1588 1776 Atque
1645 1746 1647 1750 ν

248 1780 389 1835 ipsum
428 1781 661 1835 decretum,
700 1796 876 1835 quaeso,
913 1782 1168 1837 cognoscite.
1229 1792 1479 1822 DECRETUM
1511 1793 1588 1822 DE-

248 1851 498 1881 CURIONUM.
572 1839 727 1895 Legati
775 1841 819 1881 in
864 1843 1005 1881 castra
1049 1840 1236 1881 veniunt.
1303 1839 1586 1895 Intellegitur,

247 1898 424 1952 iudices,
462 1898 506 1939 id
548 1899 661 1953 quod
699 1899 785 1939 iam
818 1902 915 1940 ante
949 1899 1052 1952 dixi,
1090 1898 1360 1953 imprudente
1391 1898 1437 1939 L.
1471 1897 1586 1939 Sulla
1603 1908 1633 1934 ³⁰
1666 1896 1685 1937 ’1

248 1957 410 1998 scelera
435 1957 539 1998 haec
566 1960 609 1999 et
634 1957 802 2013 flagitia
827 1958 931 1999 fieri.
981 1956 1093 1999 Nam
1115 1958 1264 1998 statim
1285 1956 1586 2012 Chrysogonus

247 2019 290 2056 et
315 2015 406 2070 ipse
434 2016 486 2056 ad
513 2030 585 2057 eos
613 2016 775 2058 accedit
801 2019 843 2058 et
868 2016 1063 2058 homines
1094 2017 1261 2058 nobiles
1294 2016 1458 2070 allegat
1491 2015 1587 2068 [iis]‚

247 2074 319 2128 qui
345 2077 554 2128 peterent,
579 2090 632 2116 ne
660 2075 712 2117 ad
733 2073 897 2116 Sullam
919 2075 1097 2129 adirent,
1124 2078 1166 2116 et
1187 2074 1330 2116 omnia
1351 2073 1587 2129 Chrysogo-

174 2146 218 2178 26
244 2147 366 2186 num,
405 2147 512 2187 quae
544 2134 723 2187 vellent,
763 2148 855 2175 esse
886 2134 1100 2176 facturum
1131 2134 1447 2188 pollicerentur.
1508 2132 1586 2174 Us-
1641 2145 1685 2179 sisa

246 2206 327 2245 que
354 2191 458 2233 adeo
486 2195 630 2234 autem
656 2193 730 2233 1110
757 2192 1051 2247 per-timuemt,
1078 2195 1126 2233 ut
1151 2192 1261 2233 mori
1288 2192 1439 2232 mallet
1463 2205 1585 2245 quam
1603 2187 1643 2226 3⁵¹

246 2250 295 2290 (10
339 2249 406 2291 his
450 2251 578 2292 rebus
619 2249 785 2292 Sullam
823 2251 974 2293 doceri.
1042 2250 1249 2292 Homines
1290 2250 1472 2304 antiqui,
1517 2249 1585 2304 qui
1640 2254 1685 2291 {3

246 2322 295 2348 ex
329 2323 405 2349 sua
436 2312 592 2351 natura
619 2313 781 2352 ceteros
814 2310 1044 2365 fingerent
1084 2324 1178 2350 cum
1210 2310 1282 2350 ille
1315 2309 1586 2351 confir-mmet
1639 2299 1684 2350 IH:

197 891 224 972 ⁸220
