1618 2584
427 208 515 243 LIB.
540 209 591 243 ΙΙΙ
629 208 730 244 ΟΑΡ.
761 214 790 253 1,
817 214 836 243 2
863 213 881 251 g
910 213 1009 244 1-4.
1307 211 1389 251 271

52 307 225 359 debent,
262 320 349 346 non
388 304 527 345 solum
567 304 667 359 quid
701 305 840 346 oneris
872 304 915 344 in
947 305 1191 358 praesentia
1222 305 1394 358 tollant,

52 365 124 406 sed
165 366 371 418 quantum
410 363 455 403 in
494 378 661 404 omnem
700 364 835 404 vitam
872 363 1038 418 negotii
1075 363 1289 417 suscipere
1327 378 1392 405 60-

50 425 216 464 nentur.
266 421 425 476 Legem
453 422 566 462 enim
593 422 675 462 sibi
700 422 784 475 ipsi
811 421 956 462 dicunt
981 421 1262 473 innocentiae,
1295 436 1392 463 con—

52 481 258 522 tinentiae
284 480 578 534 virtutumque
606 480 808 533 omnium,
836 480 909 533 qui
936 480 989 520 ab
1018 480 1154 520 altero
1181 480 1392 521 rationem

0 552 12 574 .=.
52 540 165 580 vitae
197 541 446 593 reposcunt,
486 541 613 592 atque
646 553 694 579 eo
727 538 885 592 magis,
925 538 961 578 si
992 538 1052 588 id,
1083 541 1131 579 ut
1163 541 1262 579 ante
1295 539 1392 592 dixi,

50 597 214 638 faciunt
246 598 366 638 nulla
397 612 442 637 re
475 597 681 638 commoti
713 596 799 637 alia
830 596 913 636 nisi
944 597 1135 638 utilitate
1167 598 1391 638 communi.

50 655 164 697 Nam
191 656 263 709 qui
290 655 372 696 sibi
397 655 478 696 1106
506 654 702 709 sumpsit,
734 657 782 695 ut
814 655 1004 709 corrigat
1036 670 1176 696 mores
1209 656 1388 696 aliorum

51 729 100 756 ac
131 716 307 769 peccata
338 713 634 766 reprehendat,
666 713 759 766 quis
791 713 889 754 huic
921 714 1131 767 ignoscat,
1165 716 1200 754 si
1234 729 1317 768 qua
1348 715 1393 755 in

51 788 95 813 re
121 773 212 827 ipse
240 773 292 813 ab
319 771 527 826 religione
555 771 684 812 officii
710 771 964 812 declinarit?
1015 771 1286 827 Quapropter
1311 773 1393 814 1106

0 844 30 866 10
52 831 182 872 etiam
219 830 358 885 magis
397 830 450 870 ab
491 830 689 871 omnibus
729 830 818 870 eius
856 829 974 870 modi
1011 830 1114 871 civis
1153 831 1392 872 laudandus

51 905 99 931 ac
120 889 360 944 diligendus
382 890 459 942 est,
486 889 600 942 quod
624 903 712 929 non
737 889 877 929 solum
905 888 958 929 ab
985 903 1030 929 re
1057 889 1230 942 publica
1257 890 1392 931 civem

50 948 281 1002 inprobum
312 949 523 1000 removet,
555 961 702 987 verum
735 946 868 987 etiam
901 961 945 987 se
977 947 1120 1001 ipsum
1154 948 1243 988 eius
1276 948 1392 989 modi

48 1006 140 1047 fore
167 1006 394 1060 profitetur
421 1020 469 1046 36
495 1008 700 1060 praestat,
726 1008 775 1046 ut
801 1005 883 1046 sibi
909 1020 995 1047 11011
1022 1005 1149 1047 1110ᾱο
1177 1008 1392 1047 communi

50 1065 275 1106 voluntate
310 1064 483 1105 virtutis
517 1067 644 1118 atque
678 1064 825 1117 officii,
865 1064 937 1104 sed
970 1064 1100 1105 etiam
1132 1064 1175 1105 vi
1209 1065 1391 1118 quadam

0 1133 30 1159 15
50 1124 189 1179 magis
216 1122 457 1164 necessaria
488 1125 602 1164 recte
635 1122 691 1163 sit
722 1123 985 1175 honesteque
1017 1123 1258 1164 vivendum.
1308 1123 1392 1164 Ita·
1418 1129 1439 1158 3

52 1197 131 1236 que
156 1182 249 1235 1106,
279 1182 450 1234 iudices,
484 1196 534 1222 ex
558 1181 731 1222 homine
762 1181 1000 1222 clarissimo
1035 1184 1162 1235 atque
1196 1182 1393 1235 eloquen-

50 1241 231 1294 tissimo,
262 1240 308 1281 L.
336 1239 504 1294 Crasso,
538 1254 663 1293 saepe
693 1239 886 1280 auditum
920 1242 996 1292 est,
1029 1254 1124 1280 cum
1158 1254 1202 1280 se
1234 1240 1392 1281 nullius

50 1299 112 1340 rei
149 1302 239 1340 tam
277 1299 496 1353 paenitere
536 1298 710 1351 diceret,
753 1312 880 1351 quam
921 1298 1034 1351 quod
1072 1297 1116 1339 C.
1151 1297 1392 1339 Carbonem

50 1372 255 1411 umquam
291 1357 336 1398 in
372 1357 575 1398 iudicium
613 1357 872 1410 vocavisset3
911 1356 1050 1397 minus
1088 1356 1200 1397 enim
1233 1357 1394 1398 liberas

0 1428 32 1452 20
52 1417 242 1457 omnium
291 1430 434 1456 rerum
479 1416 726 1456 voluntates
771 1415 960 1456 habebat
1005 1418 1046 1455 et
1090 1415 1226 1456 vitam
1272 1430 1393 1456 suam

50 1475 265 1529 pluribus,
304 1489 432 1528 quam
469 1474 618 1526 vellet,
657 1474 879 1515 obser-van
918 1473 1051 1515 oculis
1086 1474 1394 1515 arbitrabatur

51 1533 193 1587 Atque
230 1533 304 1574 ille
336 1533 403 1573 his
435 1508 660 1587 praesidiis
692 1532 854 1587 ingenii
884 1531 1168 1586 fortunaeque
1200 1533 1393 1573 munitus

50 1595 196 1633 tamen
220 1592 302 1632 hac
327 1606 428 1632 cura
456 1591 768 1643 continebatur,
802 1605 929 1644 quam
962 1591 1045 1630 sibi
1076 1591 1267 1631 nondum
1299 1605 1394 1632 con-

50 1651 222 1691 firmato
250 1650 440 1701 consilio,
467 1650 540 1690 sed
565 1649 738 1690 ineunte
765 1652 906 1689 aetate
934 1652 1190 1703 susceperat.
1241 1649 1394 1697 Quam-

5 1721 13 1744 2
52 1724 180 1763 quam
225 1708 364 1749 minus
410 1708 540 1748 etiam
583 1707 841 1762 perspicitur
883 1721 1029 1748 eorum
1070 1708 1208 1748 virtus
1251 1710 1292 1748 et
1325 1708 1394 1762 ,111-

51 1768 252 1822 tegritas,
298 1766 370 1820 qui
414 1767 466 1807 ad
505 1766 615 1807 113116
652 1781 743 1806 rem
782 1765 1108 1818 adulescentuli,
1154 1780 1283 1819 quam
1322 1766 1395 1820 qui

51 1827 137 1867 iam
162 1826 334 1866 firmata
367 1827 508 1866 aetate
541 1824 813 1866 descendunt.
868 1823 942 1864 Illi
975 1824 1099 1877 enim,
1133 1826 1232 1865 ante
1265 1839 1394 1878 quam

51 1886 284 1939 potuerunt
320 1883 583 1936 existimare,
623 1886 783 1936 quanto
815 1882 992 1923 liberior
1024 1883 1114 1923 vita
1146 1883 1203 1923 sit
1235 1897 1394 1936 eorum,

0 1983 1 1986 ,
53 1943 124 1997 qui
168 1943 380 1983 neminem
422 1941 680 1995 accusarint,
720 1941 882 1996 gloriae
921 1956 1048 1982 causa
1088 1944 1216 1995 atque
1256 1944 1395 1982 osten-

9 2017 14 2036 ³
52 2001 230 2042 tationis
277 2003 495 2054 accusant3
538 2014 636 2054 nos,
680 2000 753 2053 qui
795 2000 899 2052 iam,
944 2002 986 2040 et
1031 2000 1131 2053 quid
1170 1999 1310 2040 facere
1352 2003 1395 2040 et

53 2060 308 2114 quantulum
339 2059 525 2100 iudicare
558 2073 799 2113 possemus,
838 2058 1121 2111 ostendimus,
1152 2058 1234 2098 nisi
1267 2058 1393 2099 facile

53 2118 309 2173 cupiditates
330 2120 503 2158 nostras
529 2120 784 2170 teneremus,
808 2131 1043 2170 numquam
1069 2117 1243 2170 ipsimet
1268 2117 1393 2157 nobis

51 2177 392 2231 praecideremus
430 2176 560 2216 istam
592 2175 810 2216 licentiam
848 2175 1179 2229 libertatemque
1212 2175 1392 2216 vivendi.

141 2236 284 2288 Atque
306 2249 385 2290 ego
406 2235 488 2275 1106
507 2234 603 2288 plus
629 2234 769 2274 oneris
795 2233 946 2287 habeo,
974 2248 1102 2287 quam
1130 2233 1202 2287 qui
1229 2235 1392 2274 ceteros

54 2296 308 2335 accusarunt
352 2292 408 2346 (ssi
449 2307 555 2334 onus
595 2295 659 2332 est
697 2292 740 2333 id
779 2292 1100 2346 appellandum,
1147 2291 1259 2344 quod
1298 2306 1393 2332 cum

53 2352 221 2393 laetitia
252 2351 365 2392 feras
399 2366 447 2392 ac
478 2351 720 2404 voluptate)
754 2375 808 2380 —
841 2365 989 2391 verum
1021 2353 1169 2390 tamen
1201 2363 1280 2404 ego
1312 2349 1393 2390 hoc

54 2411 238 2467 amplius
276 2409 442 2465 suscepi
475 2424 603 2464 quam
636 2408 783 2463 ceteri,
823 2409 936 2463 quod
967 2409 1029 2449 ita
1060 2408 1307 2463 postulatur
1338 2407 1391 2450 ab

1418 667 1439 696 ιθ

1420 2267 1441 2297 4
