1618 2584
380 210 467 246 ΜΒ.
488 212 539 246 IV
583 211 683 255 CAR
713 217 793 247 16—
808 218 848 247 18
875 217 893 254 ξ
919 218 1068 248 36-39.
1297 215 1393 255 379

59 306 142 349 ‘Ita
162 306 340 361 opinor.'
381 305 488 360 Scio,
508 307 695 362 inquam.
737 307 975 349 ‘Proferam
995 308 1193 350 litteras.³
1232 309 1395 351 Tamen

56 365 99 407 id
130 366 291 406 factum
322 380 408 407 non
440 367 644 420 oportuit.
699 366 739 407 A
771 367 936 421 pupillo
969 366 1091 421 Heio,
1123 367 1190 409 cui
1222 366 1266 409 C.
1285 367 1395 409 Mar-

57 424 189 465 cellus
227 426 346 466 tutor
378 427 459 478 est,
498 440 523 466 a
555 439 637 479 quo
670 426 895 479 pecuniam
928 426 1140 481 grandem
1166 426 1395 480 eripueras,

57 482 233 537 scaphia
264 494 365 524 'cum
404 483 674 524 emblematis
707 483 901 537 Lilybaei
938 488 1083 526 utrum
1122 489 1268 539 empta
1303 499 1394 526 esse

22 552 38 579 5
57 541 160 583 dicis
194 556 247 582 an
279 542 496 583 confiteris
529 542 704 596 erepta?

145 599 226 641 Sed
264 601 364 655 quid
397 615 476 657 ego
508 601 633 642 istius
665 601 709 641 in
741 601 831 642 eius
864 602 979 643 modi
1011 602 1138 644 rebus
1170 601 1395 644 mediocris
1422 612 1465 642 38

33 659 233 700 iniurias
260 660 431 714 colligo,
463 674 571 714 quae
597 664 767 701 tantum
799 660 926 701 modo
958 661 1003 701 in
1033 661 1162 702 furtis
1194 661 1320 703 istius
1353 663 1396 702 et

56 717 222 758 damnis
261 732 426 772 eorum,
465 733 489 760 a
522 718 674 773 quibus
708 718 947 773 auferebat,
986 723 1181 761 versatae
1214 734 1306 762 esse
1338 720 1396 761 vi-

20 801 24 804 ·
55 776 265 818 deantur?
322 777 533 832 Accipite,
566 777 602 818 si
632 777 782 831 voltis,
814 778 991 832 iudices,
1023 793 1113 820 rem
1146 779 1235 820 eius
1267 778 1395 833 modi,

18 839 103 876 out
134 835 368 877 amentiam
400 836 664 891 singularem
697 839 739 877 et
769 836 958 878 furorem
989 837 1088 890 iam,
1119 852 1206 879 non
1238 838 1395 893 cupidi-

53 896 190 935 tatem
234 894 324 936 eius
368 896 607 949 perspicere
646 895 835 949 possitis.
902 895 1141 937 Melitensis
1179 896 1395 938 Diodorus
1412 900 1465 943 18

55 958 131 1006 est,
158 953 231 1007 qui
257 953 370 1007 apud
396 968 472 995 vos
499 958 627 995 antea
653 954 947 996 testimonium
975 955 1093 997 dixit.
1136 955 1178 996 Is
1199 955 1396 1009 Lilybaei

54 1012 215 1053 multos
252 1012 338 1054 iam
376 1027 510 1054 annos
548 1013 736 1066 habitat,
773 1013 903 1055 homo
940 1016 983 1054 et
1015 1014 1131 1056 domi
1160 1014 1319 1056 nobilis
1354 1019 1396 1056 et

55 1071 168 1125 apud
194 1086 277 1125 eos,
306 1086 396 1126 quor
416 1086 461 1113 se
488 1072 682 1126 contulit,
715 1075 892 1126 propter
916 1072 1121 1114 virtutem
1147 1073 1395 1127 splendidus

19 1140 35 1167 ⁵
55 1133 97 1171 et
135 1130 364 1186 gratiosus.
425 1130 489 1172 De
526 1131 608 1173 hoc
634 1131 760 1172 Verri
798 1130 952 1173 dicitur
983 1132 1142 1173 habere
1175 1147 1271 1174 eum
1303 1147 1396 1187 per-

52 1188 168 1230 bona
204 1192 463 1243 toreumata3
501 1189 546 1231 in
582 1189 649 1230 his
688 1190 842 1244 pocula
880 1190 1107 1245 quaedam,
1145 1205 1253 1246 quae
1285 1191 1395 1232 The-

17 1247 176 1289 -riclia
224 1248 521 1302 nominantur,
568 1248 777 1290 Mentoris
828 1263 957 1291 manu
1001 1263 1167 1291 summo
1213 1250 1396 1292 artificio

52 1306 180 1348 facta.
241 1305 363 1355 Quod
402 1308 484 1348 iste
522 1308 597 1348 ubi
635 1307 816 1361 audivit,
861 1307 921 1350 sic
958 1308 1192 1363 cupiditate
1229 1309 1396 1350 inflam-

53 1368 196 1407 matus
235 1369 301 1407 est
337 1380 425 1407 non
463 1367 603 1407 solum
634 1366 905 1421 inspiciendi,
941 1381 1089 1408 verum
1122 1367 1251 1409 etiam
1284 1369 1396 1410 aufe·

18 1424 190 1477 urendi,
227 1427 276 1465 ut
307 1424 545 1466 Diodorum
584 1425 636 1466 ad
675 1440 718 1466 se
756 1428 930 1467 vocaret
962 1440 1010 1467 ac
1041 1430 1248 1480 posceret.
1303 1426 1395 1480 Ille,

39 1483 126 1538 ‚qui
169 1483 247 1524 illa
289 1478 377 1534 non
419 1484 581 1525 invitus
619 1484 816 1537 haberet,
860 1485 1081 1538 respondit
1117 1485 1313 1540 Lilybaei
1351 1500 1395 1528 se

51 1556 139 1584 non
163 1542 335 1597 habere,
366 1542 539 1584 Melitae
566 1543 677 1597 apud
707 1543 918 1597 quendam
949 1544 1238 1598 propinquom
1270 1559 1394 1586 suum

52 1601 289 1655 reliquisse.
345 1601 455 1643 Tum
492 1602 575 1643 iste
612 1602 813 1643 continuo
851 1602 989 1644 mittit
1025 1602 1221 1645 homines
1254 1606 1393 1645 certos
1421 1612 1463 1643 39

52 1659 266 1714 Melitam,
304 1661 454 1702 scribit
492 1661 544 1702 ad
584 1661 792 1715 quosdam
824 1661 1089 1716 Melitenses,
1127 1664 1176 1703 ut
1211 1676 1260 1704 ea
1291 1677 1395 1704 vasa.

13 1730 34 1757 Δ5
53 1719 317 1774 perquirant,
349 1723 476 1775 rogat
502 1720 751 1774 Diodorum,
782 1723 831 1761 ut
867 1720 920 1761 ad
950 1720 1075 1761 illum
1106 1721 1394 1776 propinquom

53 1793 177 1819 suum
216 1778 288 1819 det
325 1779 513 1833 litteras3
552 1779 661 1819 nihil
701 1779 739 1819 ei
776 1779 948 1834 longius
986 1779 1229 1834 videbatur,
1267 1795 1394 1835 quam

53 1837 152 1878 dum
190 1837 299 1878 illud
336 1838 500 1879 videret
539 1840 779 1893 argentum.
839 1837 1074 1892 Diodorus,
1111 1838 1241 1880 homo
1279 1838 1396 1894 frugi

53 1911 103 1938 ac
145 1896 348 1952 diligens,
393 1896 465 1951 qui
504 1912 581 1938 sua
617 1911 787 1938 servare
824 1897 974 1951 vellet,
1018 1897 1072 1938 ad
1108 1898 1395 1953 propinquom

53 1970 178 1997 suum
215 1955 382 2010 scribit,
419 1960 468 1997 ut
504 1956 575 2010 iis,
614 1956 687 2010 qui
725 1971 749 1997 a
779 1954 914 1997 Verre
950 1956 1185 2011 venissent,
1223 1971 1395 2011 respon*

13 2025 35 2052 :o
54 2013 172 2056 deret
214 2014 322 2055 illud
367 2017 594 2070 argentum
638 2029 683 2056 se
725 2015 872 2069 paucis
912 2015 1002 2056 illis
1039 2015 1189 2059 diebus
1213 2015 1394 2057 'misisse

52 2072 318 2127 Lilybaeum.
366 2073 464 2129 Ipse
490 2074 656 2115 interea
685 2074 862 2128 recedit3
896 2073 1045 2115 abesse
1078 2089 1103 2115 a
1135 2075 1261 2116 domo
1294 2090 1395 2128 pau-

52 2131 185 2187 lisper
233 2131 388 2174 maluit
439 2147 566 2187 quam
616 2147 820 2187 praesens
868 2132 977 2174 illud
1010 2130 1188 2188 'optime
1230 2133 1395 2175 factum

54 2193 280 2247 argentum
317 2191 528 2233 amittere.
584 2191 708 2240 Quod
739 2192 813 2233 ubi
844 2191 927 2233 iste
960 2192 1140 2247 audivit,
1178 2206 1312 2247 usque
1344 2207 1393 2234 eo

54 2254 293 2292 commotus
320 2253 397 2304 est,
429 2254 477 2292 ut
504 2250 594 2291 sine
619 2250 711 2291 ulla
740 2250 1009 2292 dubitatione
1041 2251 1228 2292 insanire
1261 2252 1394 2293 omni-

11 2308 132 2350 ebus
170 2324 219 2351 ac
255 2310 396 2351 furere
432 2309 660 2351 videretur.
723 2309 831 2358 Quia
866 2324 954 2351 non
991 2312 1193 2363 potuerat
1231 2310 1394 2365 eripere

0 2373 2 2413 l
53 2372 280 2423 argentum
323 2369 434 2424 ipse,
476 2383 502 2410 a
539 2368 728 2410 Diodoro
773 2371 922 2423 erepta
966 2368 1049 2410 sibi
1090 2383 1194 2411 vasa
1231 2370 1394 2424 optime

0 2419 1 2499 l
53 2425 168 2468 facta
217 2427 402 2482 dicebat,
452 2427 646 2469 minitari
696 2427 864 2469 absenti
910 2427 1118 2482 Diodoro,
1166 2427 1394 2470 vociferari
