1618 2584
347 228 434 262 LIB.
455 227 488 261 V
532 228 632 262 CAP.
660 232 796 263 39-41
824 233 843 270 ς
870 232 1065 263 101-106.
1299 228 1382 269 467

46 325 252 378 poterone
272 323 463 364 animum
484 323 705 364 advertere
726 323 770 364 in
791 337 875 378 eos,
903 337 1008 377 quos
1030 323 1142 364 dicto
1164 323 1383 365 audientes

47 396 139 422 esse
176 381 301 435 iussi,
338 382 518 422 missum
554 381 694 423 facere
731 396 844 435 eum,
884 382 984 436 quoi
1016 384 1278 434 potestatem
1309 383 1384 423 im-

45 440 295 505 periumque
340 439 544 494 permisi?
595 442 799 505 poterone
843 454 915 481 eos
954 440 1123 481 afficeie
1160 440 1385 506 supplicio,

46 498 117 552 qui
156 497 414 540 Cleomenen
452 498 586 539 secuti
624 501 740 552 sunt,
777 499 998 553 ignoscere
1036 498 1273 552 Cleomeni,
1312 498 1386 565 qui

9 569 26 595 5
46 571 188 598 secum
219 556 368 612 fugeie
400 559 443 598 et
475 571 519 597 se
552 556 753 622 consequi
784 556 939 598 iussit?
977 559 1184 611 poterone
1216 571 1308 598 esse
1339 557 1385 598 in

47 629 117 656 eos
144 615 386 668 vehemens,
420 615 492 669 qui
518 615 640 657 navis
672 629 759 656 non
790 615 916 656 modo
949 615 1096 657 inanes
1129 616 1384 669 habuer,unt

46 674 119 715 Sed
157 674 287 715 etiam
326 676 515 728 apertas,
552 674 596 713 in
634 687 730 713 eum
766 673 1019 727 dissolutus,
1056 674 1129 728 qui
1162 675 1279 715 solus
1310 674 1383 715 ha-

44 732 186 773 buerit
205 734 470 774 constratam
489 746 643 773 navem
664 734 706 771 et
732 731 872 772 minus
900 732 1190 774 exinanitam?
1229 733 1383 774 Pereat

45 789 294 832 Cleomenes
344 790 461 831 unal'
534 789 621 831 Ubi
663 789 786 844 fides,
835 790 908 832 ubi
953 791 1260 846 execrationes,
1309 791 1383 832 ubi

9 861 24 886 ο
45 849 242 890 dexterae
275 849 605 903 conplexusque,
637 848 711 889 ubi
741 848 849 889 illud
881 850 1206 890 contubernium
1236 850 1383 891 mulie-

44 908 133 949 bris
166 907 346 948 militiae
378 907 423 948 in
453 907 530 948 illo
563 906 869 949 delicatissimo
902 908 1057 949 litore?
1117 908 1231 949 Fieri
1260 908 1380 950 nullo

44 966 171 1008 modo
197 968 381 1021 poterat,
408 965 511 1020 quin
530 964 750 1007 Cleomeni
776 969 1034 1020 parceretur.
1077 966 1217 1008 Vocat
1239 965 1358 1008 Cleo·
1386 974 1452 1007 105

43 1039 213 1078 menen,
264 1025 366 1066 dicit
410 1024 448 1065 ei
492 1038 536 1065 se
586 1024 791 1065 statuisse
841 1025 1031 1066 animum
1076 1026 1297 1067 advertere
1337 1025 1384 1067 in

44 1084 182 1125 omnis
225 1083 485 1137 nauarchos3
527 1083 590 1124 ita
634 1082 699 1123 sui
742 1083 919 1137 periculi
956 1084 1145 1125 rationes
1183 1084 1295 1126 ferre
1334 1099 1382 1126 ac

8 1142 276 1208 5postulare.
334 1141 453 1182 ‘Tibi
490 1141 563 1182 uni
600 1156 773 1195 parcam
812 1144 855 1182 et
891 1142 1036 1195 potius
1073 1142 1199 1183 istius
1232 1143 1381 1196 culpae

43 1200 204 1242 crimen
268 1200 713 1255 vituperationemque
774 1200 1088 1242 inconstantiae
1150 1202 1381 1255 suscipiam

43 1274 171 1325 quam
198 1262 273 1300 aut
298 1259 342 1299 in
367 1261 410 1299 te
438 1258 518 1299 sim
544 1258 727 1300 cludelis
754 1261 828 1300 aut
859 1262 927 1300 tot
957 1262 1048 1300 tam
1081 1260 1224 1315 gravis
1257 1261 1382 1301 testis

42 1318 163 1359 vivos
200 1317 520 1371 incolumesque
559 1331 651 1358 esse
689 1316 859 1371 patiar.⁹
915 1317 1023 1372 Agit
1062 1319 1226 1373 gratias
1262 1318 1382 1360 Cleo-

42 1391 204 1430 menes
248 1376 460 1430 adprobat
504 1375 745 1430 consilium,
790 1375 892 1417 dicit
934 1376 997 1417 ita
1037 1376 1130 1417 fieri
1172 1379 1382 1431 0p0r·‚te1e

7 1446 23 1471 0
43 1435 244 1476 admonet
281 1437 426 1475 tamen
457 1434 583 1488 illud,
622 1434 735 1488 quod
766 1435 899 1475 istum
929 1434 1120 1490 fugerat,
1153 1435 1199 1476 in
1229 1436 1382 1477 Phala-

41 1508 172 1547 crum,
193 1492 520 1547 Centuripinum
539 1493 815 1546 nauarchum
834 1507 920 1534 non
939 1507 1065 1547 posse
1087 1493 1382 1548 animadverti,

40 1555 271 1607 propterea
321 1551 433 1605 quod
484 1565 626 1593 secum
675 1566 760 1592 una
807 1550 962 1592 fuisset
1010 1551 1055 1592 in
1103 1552 1382 1607 Centuripina

42 1609 473 1665 quad1iremi.Quid
499 1610 631 1665 ergo?
664 1610 745 1651 iste
770 1610 901 1651 homo
928 1624 978 1651 ex
1011 1610 1100 1651 eius
1132 1611 1248 1652 modi
1280 1611 1381 1653 civi-

41 1672 149 1723 tate,
182 1669 431 1710 adulescens
461 1668 775 1722 nobilissimus,
807 1668 932 1709 testis
965 1668 1259 1734 relinquetur?
1317 1670 1383 1711 ‘In

7 1727 318 1783 5praesentia',
362 1727 502 1781 inquit
539 1726 859 1781 Cleomenes,
870 1727 1072 1781 quoniam
1110 1728 1172 1768 ita
1209 1742 1382 1770 necesse

41 1789 124 1840 est3
158 1786 230 1828 sed
256 1788 355 1840 post
382 1785 544 1839 aliquid
570 1786 821 1839 videbimus,
852 1800 906 1826 ne
937 1785 1019 1827 iste
1050 1786 1176 1827 nobis
1209 1789 1381 1842 opstare

40 1845 207 1900 possit.'
1395 1878 1448 1918 41

127 1903 246 1945 Haec
265 1905 550 1958 posteaquam
572 1905 668 1944 acta
695 1905 738 1943 et
763 1903 1001 1944 constituta
1027 1906 1138 1957 sunt,
1164 1904 1357 1958 procedit
1386 1929 1451 1960 106

38 1963 120 2003 iste
141 1965 315 2016 repente
333 1977 354 2003 e
375 1961 590 2015 praetorio
610 1961 901 2003 inflammatus
922 1962 1092 2016 scelere,
1111 1962 1268 2017 furore,
1290 1977 1379 2004 cru-

7 2033 21 2058 o
40 2021 235 2074 delitate3
260 2020 305 2061 in
324 2021 466 2061 forum
485 2020 615 2072 venit,
640 2020 879 2061 nauarchos
902 2020 973 2072 [ad
994 2022 1055 2073 se]
1082 2021 1226 2062 vocari
1250 2021 1380 2063 iubet.

39 2079 121 2128 Qui
145 2079 255 2120 nihil
282 2081 534 2132 metuerent,
566 2078 675 2119 nihil
702 2079 1033 2133 suspicarentur,
1065 2079 1215 2120 statim
1242 2094 1382 2121 accur-

29 2134 150 2180 runt.
194 2138 283 2180 Iste
302 2137 550 2179 hominibus
572 2137 740 2178 miseris
760 2137 1059 2179 innocentibus
1079 2137 1181 2179 inici
1207 2141 1380 2180 catenas

37 2197 235 2251 imperat.
282 2195 522 2250 Implorare
554 2195 620 2236 illi
652 2195 778 2236 fidem
810 2196 1024 2250 praetoris
1057 2198 1111 2249 et,
1145 2211 1228 2250 qua
1259 2211 1304 2238 re
1335 2197 1379 2237 id

37 2255 215 2310 faceret,
264 2269 430 2310 rogare.
499 2253 608 2295 Tum
652 2254 733 2295 iste
777 2254 858 2296 hoc
901 2269 1051 2296 causae
1097 2254 1214 2309 dicit,
1266 2255 1379 2309 quod

7 2315 220 2356 3classem
257 2312 545 2368 praedonibus
578 2313 877 2367 prodidissent.
933 2312 1004 2353 Fit
1036 2313 1199 2354 clamor
1232 2316 1274 2354 et
1306 2313 1378 2354 ad-

37 2372 210 2414 miratio
255 2371 405 2426 populi
448 2373 617 2412 tantam
661 2386 752 2412 esse
790 2371 835 2412 in
871 2371 1044 2412 homine
1081 2371 1377 2425 inpudentiam

38 2434 167 2486 atque
205 2430 445 2483 audaciam,
483 2432 531 2470 ut
569 2432 643 2471 aut
678 2430 775 2470 aliis
808 2444 980 2471 causam
1013 2429 1274 2471 calamitatis
1308 2430 1376 2471 ad-

1019 2497 1091 2531 30*
