1618 2584
1268 127 1278 154 ἱ.

428 242 515 279 LIB.
538 244 569 277 V
613 243 713 278 CAP.
741 246 877 277 65-6‘1
905 245 923 283 ξ
953 245 1146 277 168-173,
1374 243 1459 283 493

88 336 94 342 ”
126 338 286 380 amicos
316 340 490 379 nostrae
523 337 729 391 civitatis,
766 352 852 378 non
884 337 937 378 ad
961 331 1058 390 eos,
1097 337 1169 390 qui
1200 338 1349 391 populi
1379 338 1459 379 Ro-

75 876 108 900 10

77 1167 109 1193 15

76 1459 111 1484 20

77 1750 111 1776 25

79 2043 112 2068 30

79 2336 112 2362 55

126 397 241 438 mani
278 410 434 437 nomen
472 396 707 450 audissent,
748 395 928 450 denique
966 395 1003 437 si
1039 409 1126 436 non
1163 395 1216 436 ad
1253 395 1460 448 homines,

125 470 272 496 verum
311 455 364 495 ad
401 455 580 508 bestias,
620 457 693 495 aut
728 454 876 508 etiam,
912 457 961 495 ut
992 454 1164 508 longius
1197 454 1460 508 progrediar,

127 513 163 554 si
206 513 250 553 in
294 514 439 567 aliqua
482 512 773 554 desertissima
816 512 1046 553 solitudine
1091 512 1144 552 ad
1189 526 1291 553 saxa
1329 514 1371 552 et
1409 513 1459 552 ad

128 572 326 625 scopulos
370 572 474 613 haec
514 570 715 624 conqueri
753 585 802 612 ac
840 571 1062 625 deplorare
1100 571 1273 623 vellem,
1316 572 1460 611 tamen

128 630 272 671 omnia
291 632 411 671 muta
432 632 560 683 atque
579 629 770 670 inanima
789 631 912 670 tanta
933 632 975 670 ct
1000 631 1091 670 tam
1116 629 1294 683 indigna
1320 643 1460 669 rerum

128 689 362 730 acerbitate
412 690 791 729 commoverentur.
858 686 982 728 Nunc
1025 701 1126 728 vero
1172 702 1266 728 cum
1309 687 1463 741 loquar

128 747 241 801 apud
278 749 498 788 senatores
535 746 685 801 populi
716 745 917 799 Romani,
955 746 1100 801 legum
1136 749 1179 786 et
1209 745 1462 787 iudiciorum

128 808 170 845 et
196 805 301 846 iuris
328 808 534 857 auctores,
567 805 718 845 timere
743 819 830 846 non
862 805 1006 858 debeo,
1038 818 1090 845 ne
1121 818 1209 845 non
1240 818 1348 845 unus
1380 804 1461 844 iste

127 863 231 905 civis
263 863 482 904 Romanus
519 863 598 904 illa
628 877 749 904 cruce
782 862 953 917 dignus,
991 862 1121 903 ceteri
1153 876 1299 903 omnes
1332 862 1465 904 simili

127 922 316 976 periculo
342 921 633 977 indignissimi
658 921 908 962 iudicentur.
957 921 1091 962 Paulo
1126 923 1236 974 ante,
1268 921 1440 975 iudices,
1467 930 1533 962 172

127 981 342 1021 lacrumas
367 980 413 1020 in
438 982 577 1021 morte
603 980 760 1021 misera
786 982 914 1034 atque
942 980 1120 1034 indigna
1150 979 1465 1021 nauarchorum

126 1053 214 1080 non
262 1039 513 1080 tenebamus
558 1041 601 1080 et
644 1041 757 1080 recte
801 1053 849 1080 ac
892 1039 1045 1080 merito
1090 1038 1304 1079 sociorum
1347 1038 1465 1079 inno-

128 1097 315 1138 centium
342 1097 514 1138 miseria
539 1097 931 1151 commovebamur3
964 1096 1066 1151 quid
1096 1100 1208 1138 nune
1239 1097 1284 1138 in
1314 1095 1476 1143 nestro,

130 1156 336 1210 sanguine
374 1156 549 1197 tandem
586 1155 725 1197 facere
759 1155 990 1196 debemus?
1051 1155 1165 1197 Nam
1198 1155 1353 1197 civium
1384 1156 1466 1197 Ro-

129 1229 355 1255 manorum
400 1214 590 1255 omnium
635 1214 810 1269 sanguis
851 1214 1101 1255 coniunctus
1143 1214 1464 1254 existumandus

129 1275 206 1326 est,
228 1273 429 1326 quoniam
448 1275 490 1314 et
507 1273 660 1313 salutis
678 1272 868 1313 omnium
885 1273 997 1313 ratio
1019 1274 1061 1313 et
1080 1273 1239 1313 veritas
1259 1272 1466 1326 postulat.

129 1330 287 1372 Omnes
326 1331 406 1372 hoc
445 1331 539 1372 loco
571 1331 682 1372 cives
715 1330 915 1384 Romani,
954 1333 997 1371 et
1030 1330 1101 1384 qui
1134 1330 1289 1371 adsunt
1322 1333 1364 1370 et
1395 1330 1467 1384 qui

128 1389 286 1443 ubique
313 1392 424 1443 sunt,
456 1392 646 1430 vestram
678 1389 953 1430 severitatem
986 1388 1244 1442 desiderant,
1277 1391 1467 1429 vestram

129 1447 256 1488 fidem
293 1447 531 1502 inplorant,
568 1450 759 1489 vestrum
801 1447 1006 1488 auxilium
1044 1447 1285 1501 requirunt3
1324 1447 1468 1488 omnia

130 1520 208 1547 sua
232 1506 338 1559 iura,
371 1506 605 1559 commoda,
639 1506 809 1559 auxilia,
841 1508 981 1546 totam
1007 1505 1188 1559 denique
1219 1505 1467 1547 libertatem

130 1564 175 1605 in
194 1564 347 1605 vestris
372 1564 595 1605 sententiis
616 1564 777 1605 versari
798 1564 1076 1605 arbitrantur.
1121 1563 1161 1603 A
1181 1578 1250 1611 me
1268 1564 1444 1604 tametsi
1472 1573 1537 1604 173

132 1622 238 1664 satis
270 1623 449 1676 habent,
487 1625 650 1676 tamen,
689 1622 725 1663 si
756 1636 824 1663 res
857 1622 984 1663 aliter
1016 1622 1235 1675 acciderit,
1265 1622 1362 1676 plus
1394 1622 1467 1663 ha-

131 1681 294 1722 bebunt
336 1681 538 1735 fortasse,
583 1695 711 1735 quam
755 1681 1013 1734 postulant„
1056 1680 1170 1722 Nam
1208 1680 1245 1721 si
1282 1695 1367 1734 qua
1402 1680 1468 1721 vis

130 1739 262 1781 istum
301 1739 351 1781 de
389 1742 534 1780 vestra
571 1739 800 1780 severitate
839 1738 1059 1793 eripuerit,
1102 1739 1145 1779 id
1183 1738 1296 1792 quod
1333 1753 1469 1792 neque

131 1801 294 1852 metuo,
337 1798 514 1851 iudices,
558 1812 695 1851 neque
738 1798 828 1838 ullo
870 1797 996 1838 modo
1035 1797 1127 1838 fieri
1163 1811 1290 1851 posse
1328 1797 1469 1850 vide03

131 1857 205 1897 sed
232 1857 268 1897 si
298 1856 343 1897 in
373 1856 455 1898 hoc
486 1870 554 1897 me
585 1856 696 1897 ratio
728 1855 942 1909 fefellerit,
977 1854 1110 1897 Siculi
1142 1870 1314 1897 causam
1347 1870 1469 1897 suam

130 1915 292 1969 perisse
337 1917 567 1968 querentur
608 1917 651 1955 et
692 1929 856 1956 mecum
899 1914 1062 1968 pariter
1100 1914 1281 1955 moleste
1318 1914 1470 1967 femnt,

131 1974 315 2027 populus
349 1973 520 2027 quidem
551 1973 771 2031 Romanus
802 1972 941 2027 brevi,
980 1972 1181 2026 quoniam
1214 1972 1321 2013 mihi
1352 1975 1468 2027 pote-

133 2034 290 2073 statem
335 2031 447 2085 apud
491 2046 535 2072 se
574 2022 729 2086 agendi
767 2031 900 2084 dedit,
943 2031 1009 2071 ius
1048 2045 1171 2072 suum
1210 2045 1277 2071 me
1315 2033 1468 2086 agente

133 2091 221 2132 suis
260 2090 476 2145 suffiaoiis
516 2092 614 2130 ante
651 2089 747 2130 Kal.
776 2088 1032 2130 Febluarias
1069 2089 1350 2143 recuperabit.
1406 2089 1469 2130 Ac

133 2149 170 2190 si
196 2149 246 2190 de
272 2163 367 2189 mea
400 2148 540 2203 gloria
572 2151 698 2202 atque
732 2147 1014 2202 amplitudine
1047 2147 1266 2201 quaeritis,
1297 2147 1469 2201 iudices,

131 2222 217 2249 non
255 2209 320 2248 est
359 2207 546 2248 alienum
584 2206 689 2247 meis
727 2206 966 2247 rationibus
1005 2206 1137 2247 istum
1170 2206 1276 2247 mihi
1308 2220 1357 2246 ex
1390 2205 1469 2248 hoc

132 2266 286 2307 iudicio
323 2268 518 2319 ereptum
550 2265 603 2306 ad
634 2265 742 2306 illud
773 2262 923 2319 populi
954 2263 1139 2305 Romani
1169 2264 1373 2306 iudicium
1405 2279 1467 2306 re—

134 2324 306 2366 servari.
364 2323 594 2378 Splendida
629 2326 695 2364 est
725 2323 803 2364 illa
835 2337 980 2376 causa,
1016 2322 1255 2377 probabilis
1288 2323 1396 2363 mihi
1428 2326 1470 2364 et

132 2383 289 2435 facilis,
330 2383 489 2437 populo
530 2384 656 2437 grata
694 2384 821 2435 atque
859 2381 1057 2434 iucunda3
1098 2381 1296 2435 denique,
1336 2381 1372 2422 si
1408 2381 1469 2422 vi-

133 2442 235 2483 deor
277 2440 363 2495 hic,
410 2441 452 2482 id
498 2439 610 2494 quod
654 2454 731 2495 ego
777 2453 863 2481 non
908 2439 1116 2494 quaesivi,
1161 2439 1211 2481 de
1256 2454 1338 2480 uno
1383 2439 1467 2481 isto
