1618 2584
432 207 521 241 ΜΒ.
547 208 599 242 111
643 208 746 243 CAP.
773 212 911 243 31-34
938 213 956 251 ξ
985 213 1132 244 74-78,
1364 211 1446 252 301

104 303 214 343 dinis
243 317 361 356 suae,
393 317 542 344 verum
576 303 706 344 etiam
739 304 1029 345 administros.
1084 304 1279 346 Eandem
1311 306 1448 360 istius,
1476 318 1516 348 77

104 361 177 415 qui
216 375 258 402 se
297 375 442 416 regem
476 360 717 403 Siculorum
751 377 842 403 esse
875 363 1061 417 dicebat,
1100 363 1319 405 licentiam
1351 365 1446 405 libi-

103 420 328 473 dinemque
360 419 492 461 fuisse
526 421 784 475 cognoscite.

192 478 469 519 Aeschrionis
496 478 752 533 Syracusani
778 494 885 521 uxor
911 482 977 521 est
1001 479 1121 535 Pipa,
1147 480 1266 522 cuius
1292 495 1448 522 nomen

50 548 66 574 5
102 536 227 578 istius
271 537 465 591 nequitia
508 540 604 578 tota
642 536 788 578 Sicilia
825 541 1110 593 pervagatum
1147 541 1230 593 est,
1275 539 1324 580 de
1365 554 1448 593 qua

103 595 280 636 muliere
316 609 463 637 versus
496 596 673 650 plurimi
705 610 836 650 supra
867 597 1059 638 tribunal
1093 600 1135 639 et
1168 612 1298 652 supra
1328 613 1447 652 prac-

102 654 212 695 toris
256 657 385 708 caput
432 654 740 695 scribebantur.
808 654 890 696 Hic
936 655 1161 710 Aeschrio,
1205 655 1337 711 Pipae
1381 657 1448 698 vir

104 713 395 765 adumbratus,
421 713 467 753 in
485 711 817 754 Herbitensibus
839 714 1027 754 decumis
1047 729 1184 756 novus
1204 715 1448 756 instituitur

102 771 369 825 publicanus.
420 770 700 812 Herbitenses
728 786 823 812 cum
850 772 1056 824 viderent,
1087 773 1123 814 si
1149 773 1203 814 ad
1222 773 1448 815 Aeschrio-

51 842 83 866 ιο
102 843 200 870 nem
250 829 436 883 pretium
479 829 728 884 resedisset,
780 845 824 871 se
869 831 921 871 ad
967 832 1194 872 arbitrium
1234 832 1447 874 lubidino-

104 888 298 929 sissimae
324 888 516 928 mulieris
544 888 777 942 spoliatum
803 889 868 942 iri,
900 889 1010 930 liciti
1036 893 1136 931 sunt
1161 905 1295 944 usque
1330 891 1446 944 adeo,

104 947 244 1000 quoad
282 960 326 987 se
366 946 532 987 efficere
564 961 691 1001 posse
724 948 1060 989 arbitrabantur.
1122 947 1261 1003 Supra
1294 949 1448 990 adiecit

102 1005 329 1059 Acsehrio3
372 1019 509 1058 neque
554 1006 666 1046 enim
710 1007 948 1060 metuebat,
990 1021 1044 1048 ne
1082 1010 1280 1062 praetore
1312 1007 1447 1049 Verre

103 1063 337 1105 decumana
363 1064 516 1105 mulier
549 1064 703 1105 damno
738 1065 862 1106 adfici
893 1068 1052 1119 posset.
1108 1066 1336 1108 Addicitur
1364 1081 1448 1107 me-

51 1134 83 1160 15
104 1122 294 1163 dimnum
332 1124 463 1176 v—lfie,
514 1122 689 1163 dimidio
739 1123 826 1164 fere
871 1124 1008 1178 pluris
1054 1139 1183 1178 quam
1227 1125 1447 1179 superiore

104 1196 226 1222 anno.
284 1181 492 1223 Aratores
531 1181 725 1222 funditus
765 1183 1086 1236 evertebantur,
1128 1186 1170 1224 et
1210 1198 1257 1225 eo
1294 1184 1447 1238 magis,

103 1239 216 1293 quod
256 1239 343 1281 iam
382 1240 674 1293 superioribus
714 1241 835 1281 annis
875 1241 1025 1282 afflicti
1064 1244 1186 1283 erant
1225 1257 1274 1283 ac
1312 1257 1447 1296 paene

101 1298 268 1352 perditi.
324 1298 544 1339 Intellexit
569 1299 651 1339 iste
683 1299 745 1339 ita
777 1313 935 1354 magno
969 1300 1148 1353 venisse,
1180 1303 1229 1341 ut
1261 1301 1446 1354 amplius

103 1357 156 1398 ab
182 1356 514 1398 Herbitensibus
542 1357 723 1411 exprimi
747 1372 834 1398 non
859 1361 1025 1412 posset,
1060 1359 1193 1399 demit
1226 1359 1276 1400 de
1308 1359 1447 1412 capite

50 1427 84 1452 20
103 1415 319 1456 medimna
349 1427 429 1470 DC,
472 1415 592 1456 iubet
629 1415 675 1456 in
711 1416 882 1457 tabulas
922 1432 1000 1471 pro
1039 1418 1303 1459 medimnum
1334 1420 1447 1460 VITIC

103 1474 254 1515 referri
283 1476 398 1516 WD.

192 1532 353 1574 Hordei
403 1533 601 1574 decumas
648 1533 837 1574 eiusdem
884 1534 979 1588 agri
1022 1534 1226 1576 Docimus
1272 1538 1446 1576 emerat.
1462 1529 1516 1591 324

103 1591 185 1632 Hic
227 1594 292 1632 est
329 1591 551 1645 Docimus,
596 1592 649 1632 ad
688 1606 813 1646 quem
850 1592 932 1633 iste
971 1592 1203 1634 deduxerat
1241 1593 1445 1647 Tertiam,
1479 1581 1517 1611 «8

103 1649 259 1691 Isidori
296 1650 417 1691 mimi
453 1650 588 1691 filiam
625 1650 668 1691 vi
707 1650 937 1691 abductam
970 1651 1024 1692 ab
1057 1651 1226 1692 Rhodio
1259 1652 1447 1693 tibicine.

0 1756 1 1763 ἵ
50 1719 84 1745 25
103 1709 242 1749 Huius
285 1709 455 1750 Tertiae
499 1709 596 1763 plus
643 1708 773 1750 etiam
818 1723 946 1762 quam
983 1709 1133 1764 Pipae,
1178 1711 1274 1764 plus
1320 1726 1448 1765 quam

104 1770 341 1809 ceterarum
380 1782 428 1809 ac
462 1782 596 1822 prope
629 1767 766 1808 dicam
799 1770 970 1808 tantum
1002 1769 1115 1822 apud
1146 1769 1279 1810 istum
1310 1769 1356 1810 in
1388 1768 1448 1810 Si-

103 1826 268 1868 ciliensi
294 1829 497 1880 praetura
524 1826 758 1867 auctoritas
785 1826 939 1880 potuit,
973 1830 1181 1881 quantum
1207 1828 1253 1868 in
1282 1828 1448 1869 urbana

0 1893 2 1932 Ι
103 1883 361 1926 Chelidonis.
423 1884 614 1926 Veniunt
649 1885 877 1926 Herbitam
916 1885 998 1926 duo
1036 1887 1249 1940 praetoris
1291 1887 1448 1927 aemuli

102 1957 189 1984 non
208 1943 392 1998 molesti,
419 1943 769 1985 muliercularum
790 1944 1133 1986 deterrumarum
1151 1945 1448 1999 inprobissimi

50 2014 84 2039 30
104 2003 366 2057 cognitores,
402 2002 614 2056 incipiunt
646 2003 884 2056 postulare,
923 2017 1116 2057 poscere,
1153 2004 1327 2057 minari3
1362 2019 1449 2045 non

102 2064 305 2115 poterant
324 2064 482 2115 tamen,
503 2076 599 2102 cum
620 2064 835 2115 cuperent,
857 2061 1021 2102 imitari
1033 2062 1292 2116 Apronium,
1316 2061 1448 2104 Siculi

104 2118 269 2161 Siculos
305 2135 393 2161 non
429 2122 520 2161 tam
552 2119 927 2174 pertimescebant.
990 2119 1099 2161 Cum
1131 2121 1249 2162 omni
1280 2122 1447 2162 ratione

102 2180 248 2219 tamen
300 2178 366 2219 illi
419 2178 801 2232 calumniarentur,
853 2180 1116 2232 promittunt
1165 2180 1447 2221 Herbitenses

0 2251 5 2285 ι
102 2237 395 2279 vadimonium
433 2236 677 2291 Syracusas.
738 2237 802 2278 Eo
841 2240 1124 2291 posteaquam
1162 2241 1337 2279 ventum
1371 2241 1447 2292 est,

51 2306 84 2331 35
104 2298 316 2351 coguntur
359 2295 632 2348 Aeschrioni,
682 2295 763 2337 hoc
813 2298 878 2336 est
921 2295 1071 2350 Pipae,
1120 2299 1291 2337 tantum
1336 2298 1448 2351 dare,

104 2357 313 2408 quantum
334 2358 427 2396 erat
448 2356 497 2396 de
519 2354 659 2409 capite
680 2354 912 2408 demptum,
938 2355 1072 2396 tritici
1092 2355 1282 2396 modium
1298 2357 1356 2396 ΠΙ
1373 2368 1447 2397 DC.

101 2411 380 2455 Mulierculae
400 2414 656 2468 publicanae
676 2413 815 2454 noluit
843 2428 892 2454 ex
920 2413 1106 2455 decumis
1132 2414 1314 2455 nimium
1339 2414 1447 2456 lucri
