1618 2584
70 1364 113 1395 53

70 1647 121 1687 21

139 207 226 247 290
540 206 589 240 IN
618 208 655 242 C.
677 206 882 241 VERREM
907 207 1013 242 ACT.
1041 208 1085 242 ΙΙ.

137 317 190 343 110
229 303 421 356 tolleret,
466 305 514 343 ut
559 304 657 343 ante
695 301 913 342 Kalendas
954 302 1135 343 Sextiles
1175 303 1372 345 decumas
1412 304 1480 345 de*

138 364 334 415 portatas
379 362 577 414 haberet,
621 360 726 401 haec
765 361 909 401 omnia
945 361 1031 401 iam
1069 361 1253 402 venditis
1293 362 1480 403 decumis

140 435 250 461 anno
296 421 426 461 tertio
471 422 513 459 te
559 418 740 459 edixisse
786 419 896 472 (lico,
948 434 1055 472 quae
1100 420 1136 460 si
1179 421 1240 460 rei
1285 421 1480 474 publicae

139 493 267 520 causa
306 479 485 530 faceres,
524 477 567 517 in
605 477 829 518 vendundo
869 479 1013 517 essent
1047 479 1342 532 pronuntiata,
1382 480 1482 532 quia

138 540 214 578 tua
259 551 386 578 causa
430 535 638 588 faciebas,
683 536 796 589 quod
841 538 933 576 erat
969 536 1257 588 imprudentia
1295 541 1481 591 praeter-

139 597 336 646 missum,
375 594 418 635 id
457 596 638 648 quaestu
675 608 722 634 ac
754 596 948 648 tempore
982 595 1225 635 admonitus
1258 597 1481 649 reprehen—

95 664 102 676 ί
142 654 253 694 disti.
327 653 442 693 Illud
491 667 592 693 vero
644 653 709 694 cui
754 652 929 706 probari
974 656 1134 706 potest,
1184 656 1228 693 te
1273 654 1363 694 sine
1407 657 1481 695 tuo

140 714 333 765 quaestu,
365 726 413 752 ac
446 711 633 752 maximo
669 714 861 765 quaestu,
893 714 1060 752 tantam
1094 715 1213 752 tuam
1245 712 1482 765 infamiam,

139 773 309 811 tantum
349 770 502 824 capitis
540 770 604 810 tui
642 769 1000 823 fortunarumque
1041 772 1213 810 tuarum
1244 771 1481 824 periculum

139 829 397 883 neglexisse,
447 831 514 882 ut,
561 843 656 869 cum
701 828 835 869 totius
881 828 1050 869 Siciliae
1095 829 1249 869 cotidie
1296 830 1481 883 gemitus

140 890 513 941 querimoniasque
547 887 726 940 audires,
759 902 865 937 cum,
898 890 945 927 ut
977 888 1067 940 ipse
1101 887 1258 940 dixisti,
1290 902 1409 928 reum
1441 892 1482 929 te

139 946 230 987 fore
251 948 438 1000 putareS,
466 960 560 986 cum
581 946 755 986 huiusce
776 945 920 986 iudicii
948 945 1175 986 discrimen
1202 946 1255 986 ab
1284 946 1482 999 opinione

140 1008 215 1045 tua
261 1019 347 1045 11011
392 1004 661 1057 abhorreret,
711 1006 905 1058 paterere
950 1007 1095 1044 tamen
1141 1007 1332 1045 aratores
1377 1005 1482 1045 indi-

141 1063 361 1117 gnissimis
400 1063 565 1102 iniuriis
602 1063 747 1103 vexari
780 1077 828 1103 ac
862 1063 1017 1116 diripi?
1080 1062 1299 1116 Profecto,
1339 1079 1482 1117 quam-

141 1137 268 1175 quam
309 1136 352 1161 es
386 1121 596 1176 singulari
630 1121 883 1162 crudelitate
918 1125 959 1161 et
993 1121 1187 1174 audacia,
1227 1124 1372 1162 tamen
1405 1122 1481 1162 abs

140 1184 181 1221 10
198 1183 336 1220 totam
353 1180 531 1220 alienari
550 1180 828 1233 provinciam,
850 1182 916 1220 tot
937 1180 1132 1220 homines
1154 1181 1481 1221 honestissimos

141 1254 189 1279 ac
221 1238 585 1292 lociqiletissimos
619 1238 700 1278 tibi
732 1238 1052 1279 inimicissimos
1084 1239 1177 1279 fieri
1208 1239 1365 1291 1101103,
1400 1240 1483 1279 11131

139 1297 252 1338 lianc
290 1297 502 1338 rationem
541 1299 583 1337 et
619 1297 927 1351 cogitationem
962 1297 1115 1337 salutis
1147 1300 1247 1338 tuae
1279 1298 1482 1351 pecuniae

141 1356 352 1409 cupiditas
386 1370 434 1396 ac
466 1370 668 1409 praesens
701 1356 778 1396 illa
809 1356 968 1409 praeda
1002 1359 1235 1409 superaret.
1297 1356 1482 1409 Etenim,

141 1414 343 1467 quoniam
372 1428 583 1454 summam
611 1429 659 1454 ac
684 1428 908 1454 numerum
934 1414 1186 1454 iniuriarum
1214 1415 1348 1468 vobis,
1379 1415 1481 1455 iudi-
1503 1428 1516 1451 2

141 1488 226 1525 ces,
272 1487 359 1513 non
402 1487 579 1526 possum
624 1486 890 1525 expromere,
939 1473 1196 1526 singillatim
1244 1476 1387 1514 autem
1433 1474 1482 1514 de

140 1531 263 1571 11111113
286 1531 488 1584 0111113(1110
514 1530 785 1571 incommodo
814 1530 949 1571 dicere
976 1531 1192 1571 infinitum
1221 1534 1298 1585 est,
1326 1546 1483 1587 genera

139 1590 233 1644 ipsa
264 1589 537 1642 iniuriarum,
570 1603 746 1642 quaeso,
779 1589 1037 1643 cognoscite.

228 1647 431 1701 Nympho
472 1651 536 1688 est
570 1647 892 1701 Centuripinus,
930 1648 1059 1688 homo
1094 1662 1258 1703 gnavus
1291 1651 1334 1689 et
1366 1649 1482 1689 indu-

141 1706 289 1760 striUS,
323 1706 719 1760 experientissimus
753 1721 801 1747 ac
834 1706 1190 1761 diligentissimus
1225 1709 1382 1748 arator.
1439 1708 1480 1748 13
1502 1724 1515 1744 2

140 1780 235 1806 cum
275 1766 490 1806 arationes
531 1779 711 1819 magnas
750 1765 980 1806 conductas
1019 1765 1214 1817 liaberet,
1259 1766 1371 1819 quod
1410 1766 1482 1806 ho·

140 1824 275 1864 mines
303 1824 433 1864 etiam
460 1824 709 1876 locupletes,
743 1823 852 1863 sicut
878 1824 951 1863 ille
979 1826 1055 1876 est,
1088 1824 1131 1863 in
1166 1823 1311 1864 Sicilia
1342 1825 1480 1865 facere

141 1885 418 1934 consuerunt,
458 1896 613 1935 easque
651 1896 810 1935 magna
841 1883 1020 1935 inpensa
1053 1896 1294 1937 magnoque
1326 1883 1477 1923 instru-

140 1944 284 1981 mento
312 1943 516 1993 tueretur,
548 1942 670 1980 tanta
696 1940 749 1980 ab
776 1940 860 1980 isto
887 1941 1115 1993 iniquitate
1144 1956 1373 1994 oppressus
1404 1944 1481 1994 est,

139 2002 187 2039 ut
223 2014 310 2040 non
343 1999 469 2040 modo
503 1999 719 2039 arationes
752 1999 1029 2052 relinqueret,
1069 1999 1141 2039 sed
1175 2000 1305 2040 etiam
1339 2015 1387 2040 ex
1422 2000 1480 2041 Si-

140 2058 238 2098 cilia
276 2058 527 2112 profugeret
559 2057 826 2110 Romamque
864 2073 948 2098 nna
987 2073 1081 2098 cum
1120 2058 1267 2098 multis
1307 2059 1360 2099 ab
1396 2059 1481 2100 isto

140 2116 285 2157 eiectis
311 2116 486 2157 veniret.
530 2116 560 2168 †
586 2115 703 2157 Fecit
729 2119 778 2156 ut
805 2116 1060 2157 decumanus
1081 2116 1382 2171 Nymphonem
1410 2132 1478 2158 ne-

140 2178 264 2230 garet
291 2189 339 2215 ex
373 2175 511 2215 edicto
544 2175 620 2215 illo
654 2175 889 2228 praeclaro,
923 2175 1034 2228 quod
1066 2176 1227 2215 nullam
1264 2176 1317 2215 ad
1350 2176 1479 2217 aliam

139 2248 229 2274 rem
255 2233 339 2274 nisi
366 2233 418 2274 ad
444 2233 570 2274 huius
597 2233 712 2273 modi
740 2236 942 2287 quaestus
968 2234 1223 2287 pertinebat,
1255 2249 1480 2275 numerum

1504 842 1537 866 10

1504 1134 1536 1159 15

1500 2012 1533 2037 30
1580 2012 1605 2048 gi

69 2299 111 2329 54
138 2292 335 2346 iugerum
356 2292 596 2346 professum
619 2306 721 2334 esse.
765 2291 968 2346 Nympho
994 2307 1088 2332 cum
1116 2307 1160 2333 se
1186 2293 1318 2333 vellet
1345 2308 1479 2347 aequo
1499 2303 1532 2329 35
1578 2310 1579 2315 ’

138 2351 293 2391 111(11010
322 2350 557 2403 defendere,
585 2351 658 2391 dat
684 2351 764 2391 iste
791 2351 906 2391 viros
935 2351 1120 2404 optimos
1147 2354 1480 2405 recuperatores,

140 2410 317 2450 eundem
344 2410 468 2449 illum
497 2409 706 2450 medicum
735 2408 980 2450 Cornelium
1007 2408 1062 2464 (13
1095 2412 1158 2450 est
1179 2410 1478 2451 Artemidorus
