1618 2584
446 239 534 273 LIB.
563 239 612 274 111
669 239 770 274 CAP.
798 244 933 274 29-31
964 242 982 281 ἓ
1010 243 1157 274 70-74.
1385 240 1470 279 299

125 334 291 376 dissent
327 349 456 388 quam
490 334 562 377 HS
597 338 657 377 156
688 338 850 390 postea.
904 334 1064 389 Magna
1094 335 1254 389 praeda
1285 335 1470 389 videtur3

125 394 270 435 audite
296 393 464 448 reliqua
490 397 533 435 et
559 394 788 449 diligenter
815 394 1034 446 attendite,
1068 407 1150 447 quo
1178 393 1318 434 minus
1346 394 1470 434 mire—

126 452 231 492 mini
252 450 418 493 Siculos
443 467 488 494 re
513 453 756 494 necessaria
781 455 952 494 coactos
980 452 1185 493 auxilium
1212 466 1237 492 a
1262 452 1470 505 patronis,

126 511 180 552 ab
209 511 470 564 consulibus,
502 512 556 552 ab
584 514 746 564 senatu,
780 511 833 552 ab
866 511 1048 566 legibus,
1081 511 1133 551 ab
1166 510 1332 551 iudiciis
1365 510 1471 564 peti·

88 580 106 606 5
125 569 248 610 visse.
302 568 363 610 Ut
389 570 593 623 probaret
612 569 829 624 Apronius
855 569 937 610 hoc
962 569 1166 622 triticum,
1197 569 1310 623 quod
1336 569 1374 609 ei
1401 568 1470 609 da·
1498 577 1541 608 73

125 627 270 680 batur,
301 628 487 682 imperat
514 628 860 682 Agyrinensibus
887 627 1062 681 Verres,
1100 630 1148 669 ut
1179 627 1225 668 in
1256 627 1471 668 medimna

126 686 297 741 singula
315 686 669 740 denturApronio
686 685 770 727 HS.
805 686 915 734 Quid
933 689 998 727 est
1017 686 1126 727 hoc‘?
1147 688 1270 727 tanto
1290 700 1468 726 numero
1484 684 1534 724 31

123 744 329 785 frumenti
374 744 481 785 lucri
523 745 696 785 nomine
734 744 946 798 imperato
987 747 1029 785 et
1066 759 1267 799 expresso
1306 744 1471 785 nummi

124 805 348 856 praeterea
362 803 602 858 exiguntur,
617 806 664 843 ut
679 803 886 857 probetur
900 803 1193 844 frumentum}>
1215 803 1285 844 An
1299 806 1471 857 poterat

73 873 106 898 10
124 875 209 902 non
235 861 360 903 modo
381 861 611 915 Apronius,
638 861 711 902 sed
738 861 889 916 quivis,
916 861 1119 903 exercitui
1146 861 1182 902 si
1208 862 1470 902 metiendum

125 921 256 973 esset,
300 920 546 974 improbare
591 918 782 961 Siculum
825 920 1108 973 frumentum,
1154 920 1266 973 quod
1310 920 1376 960 illi
1421 935 1471 961 ex

125 993 236 1031 area,
268 979 305 1020 si
331 979 472 1031 vellet,
506 978 706 1020 admetiri
731 979 918 1020 licebat?
968 977 1190 1019 Frumenti
1215 981 1364 1019 tantus
1396 993 1472 1019 nu-

125 1051 267 1078 merus
305 1037 485 1091 imperio
524 1040 599 1078 tuo
637 1038 764 1078 datur
803 1040 845 1078 et
878 1037 1058 1092 cogitur.
1114 1036 1215 1078 Non
1247 1040 1313 1078 est
1346 1038 1470 1091 satis,

123 1096 288 1136 nummi
331 1098 555 1150 praeterea
598 1096 875 1150 imperantur.
944 1095 1125 1137 Dantur.
1192 1096 1351 1137 Parum
1393 1098 1469 1136 est.

74 1166 105 1191 15
125 1153 208 1195 Pro
254 1154 440 1195 decumis
483 1155 633 1196 hordei
675 1155 760 1196 alia
798 1154 977 1209 pecunia
1015 1154 1200 1209 cogitur3
1239 1154 1360 1195 iubes
1398 1152 1469 1195 HS

126 1214 221 1253 X—XX
247 1212 355 1254 lucri
382 1213 484 1254 dari.
535 1212 604 1254 Ita
630 1214 683 1254 ab
711 1228 797 1254 una
823 1213 997 1254 civitate
1029 1213 1084 1266 vi,
1117 1212 1258 1266 minis,
1288 1213 1469 1267 imperio

124 1270 366 1325 iniuriaque
385 1272 598 1326 praetoris
620 1272 859 1326 eripiuntur
879 1271 1013 1312 tritici
1038 1271 1299 1312 medimnum
1318 1273 1472 1312 ΧΧΧῑΙΙ

126 1332 169 1370 et
206 1332 429 1383 praeterea
460 1329 534 1371 HS
572 1342 644 1371 LX.
706 1330 767 1371 At
804 1330 909 1371 haec
948 1331 1130 1371 obscura
1170 1332 1269 1370 sunt
1305 1332 1396 1382 aut,
1435 1330 1471 1371 si

126 1402 274 1429 omnes
314 1388 510 1430 homines
548 1389 700 1442 velint,
744 1389 927 1430 obscura
966 1403 1058 1429 esse
1096 1390 1290 1443 possunt.
1354 1363 1471 1454 Quae

73 1461 106 1485 20
126 1449 175 1487 tu
211 1447 356 1501 palam
393 1447 537 1503 egisti,
575 1447 620 1487 in
652 1450 865 1489 conventu
897 1447 1141 1502 imperasti,
1180 1447 1378 1488 omnibus
1410 1447 1471 1487 in-

128 1484 443 1559 spectantibusD
461 1506 680 1571 coegisti,
710 1520 794 1560 qua
832 1506 881 1546 de
919 1520 964 1546 re
996 1505 1292 1560 Agyrinenses
1338 1506 1471 1561 magi-

128 1566 290 1605 stratus
324 1566 367 1605 et
399 1564 585 1618 quinque
616 1564 757 1619 primi,
791 1579 896 1618 quos
930 1567 978 1604 tu
1009 1564 1074 1604 tui
1107 1567 1310 1617 quaestus
1343 1578 1471 1605 causa

127 1637 348 1676 evocaras,
392 1626 489 1664 acta
534 1625 576 1663 et
618 1623 800 1676 imperia
842 1625 919 1663 tua
962 1622 1135 1663 domum
1180 1622 1233 1663 ad
1275 1625 1471 1664 senatum

128 1695 252 1722 suum
276 1656 650 1736 renuntiaverunt3
682 1696 864 1736 quorum
890 1681 1152 1722 renuntiatio
1179 1681 1348 1736 legibus
1374 1681 1471 1722 illo-

73 1753 107 1779 25
127 1755 222 1780 rum
248 1740 406 1781 litteris
435 1740 620 1795 publicis
653 1740 857 1781 mandata
888 1742 972 1794 est,
1005 1754 1187 1793 quorum
1219 1740 1366 1794 legati,
1398 1740 1472 1781 ho-

128 1799 262 1840 mines
305 1798 584 1852 nobilissimi,
629 1798 791 1840 Romae
836 1801 953 1852 sunt,
998 1798 1071 1852 qui
1114 1798 1195 1839 hoc
1238 1798 1352 1839 idem
1392 1813 1471 1853 pro

127 1857 374 1900 testimonio
396 1858 612 1898 dixerunt!
645 1857 903 1912 Cognoscite
916 1857 1255 1912 Agyrinensium
1275 1857 1471 1911 publicas
1499 1863 1544 1896 74

127 1916 309 1969 litteras,
337 1916 487 1957 deinde
508 1916 806 1957 testimonium
829 1915 1047 1970 publicum
1071 1915 1272 1957 civitatis.
1317 1916 1472 1957 Recita.

127 1971 410 2014 LITTERAE
432 1978 724 2022 PUBLICAE,
749 1977 1151 2013 TESTIMONIUM
1170 1978 1472 2013 PUBLIOUM.

74 2046 108 2072 80
127 2033 507 2079 Animadvertistis
551 2034 596 2074 in
638 2033 720 2075 hoc
762 2033 1031 2086 testimonio,
1074 2032 1251 2085 iudices,
1292 2032 1472 2087 Apollo-

127 2093 297 2146 dorum,
341 2092 408 2133 cui
447 2091 641 2147 Pyragro
686 2106 924 2147 cognomen
965 2094 1047 2145 est,
1091 2091 1328 2146 principem
1371 2106 1472 2132 suae

127 2152 334 2205 civitatis,
392 2151 690 2192 lacrimantem
742 2150 896 2191 testari
946 2165 994 2191 ac
1047 2150 1184 2191 dicere
1236 2165 1473 2204 numquam

127 2213 227 2265 post
270 2210 421 2265 populi
463 2209 649 2250 Romani
690 2223 847 2250 nomen
892 2209 945 2249 ab
992 2208 1146 2250 Siculis
1192 2208 1386 2249 auditum
1431 2211 1473 2249 et

128 2269 349 2324 cognitum
406 2268 700 2324 Agyrinenses
757 2270 908 2309 contra
964 2282 1223 2321 quemquam
1278 2267 1472 2308 infimum

75 2338 108 2363 35
129 2328 264 2369 civem
308 2327 551 2368 Romanum
597 2327 753 2367 dixisse
798 2328 872 2366 aut
914 2325 1067 2367 fecisse
1112 2325 1352 2391 quippiam,
1401 2326 1473 2391 qui

127 2400 240 2428 nunc
265 2388 415 2428 contra
440 2389 684 2440 piwaetmem
711 2385 861 2439 populi
886 2384 1070 2425 Romani
1103 2384 1272 2439 magnis
1304 2384 1472 2426 iniuriis

129 2446 172 2485 et
198 2459 356 2500 magno
390 2445 536 2485 dolore
567 2444 737 2498 publice
770 2443 1067 2484 testimonium
1100 2442 1238 2484 dicere
1270 2457 1474 2499 cogeren-
