1691 2569
540 97 641 132 CAP.
668 102 724 142 44,
750 103 794 134 45
821 102 839 141 §
867 103 1060 134 127-132.
1414 99 1468 141 73

132 206 255 235 suum
281 192 467 234 voluerit
500 194 708 248 conferre,
745 193 855 235 nihil
887 194 1042 250 egerit,
1078 208 1203 236 nemo
1243 196 1308 236 est
1346 195 1469 249 enim,

131 250 203 304 qui
234 251 398 293 nesciat
422 254 601 306 propter
627 253 967 308 magnitudinem
990 267 1131 294 rerum
1151 252 1290 294 multa
1309 253 1470 294 multos

123 310 280 362 partim
310 311 448 361 invito,
481 311 641 365 partim
672 312 942 367 imprudente
973 311 1018 353 L.
1045 310 1166 353 Sulla
1191 312 1468 353 commisisse.

130 367 277 409 Placet
313 368 448 424 igitur
478 369 523 410 in
554 369 621 411 his
654 370 781 412 rebus
815 370 977 425 aliquid
1007 369 1296 424 imprudentia
1327 385 1445 425 prae-
1474 379 1538 410 131

93 438 108 461 5
130 426 280 468 teriri?
341 427 440 469 Non
471 428 625 483 placet,
657 429 828 483 iudices,
861 429 934 471 sed
964 444 1135 471 11666336
1167 432 1243 471 est.
1297 428 1472 470 Etenim

130 484 165 525 si
196 483 392 540 Iuppiter
431 487 620 541 optimus
659 487 888 542 maximus,
926 488 1044 530 cuius
1075 490 1183 529 nutu
1215 490 1258 530 et
1289 488 1469 529 arbitrio

129 544 305 598 caelum,
329 546 445 586 terra
465 546 686 600 mariaque
705 548 925 601 reguntur,
949 561 1075 601 saepe
1095 547 1234 589 ventis
1248 546 1471 589 vehemen—

127 602 310 644 tioribus
332 606 407 644 aut
426 603 719 646 immoderatis
739 606 1072 660 tempestatibus
1093 608 1168 647 aut
1180 606 1313 648 nimio
1329 606 1470 647 calore

130 663 204 702 aut
223 661 489 704 intolerabili
508 663 670 719 frigore
689 663 936 705 hominibus
962 664 1121 719 nocuit,
1146 665 1273 706 urbes
1301 664 1470 715 delevit,

78 731 109 756 10
128 718 274 776 fruges
311 721 515 776 perdidit,
559 736 740 776 quorum
781 722 890 763 nihil
934 722 1112 776 pernicii
1155 737 1283 765 causa
1327 722 1470 765 divino

128 779 324 834 consilio,
370 779 443 821 sed
480 780 522 821 vi
562 781 658 835 ipsa
702 783 745 822 et
787 781 1084 836 magnitudine
1127 796 1270 823 rerum
1307 781 1471 823 factum

127 840 346 893 putamus,
379 841 424 880 at
456 841 607 881 contra
638 840 877 894 commoda,
913 839 1066 894 quibus
1105 840 1285 894 utimur,
1317 841 1471 882 lucem-

129 911 226 951 que,
259 912 343 952 qua
372 897 572 953 fruimur,
604 898 906 953 spiritumque,
940 913 1065 953 quem
1099 899 1303 953 ducimus,
1335 899 1388 940 ab
1421 913 1470 940 eo

9 992 12 1003 ,
127 955 252 997 nobis
292 956 383 998 dari
428 959 556 1011 atque
600 956 813 1011 impertiri
853 957 1063 1012 videmus,
1108 958 1209 1012 quid
1253 958 1470 1008 miramur,

9 1019 11 1039 ³
74 1025 107 1050 15
126 1013 304 1069 iudices,
340 1014 386 1057 L.
420 1013 602 1071 Sullam,
641 1031 736 1058 cum
774 1017 891 1058 solus
929 1031 1019 1058 rem
1050 1016 1270 1071 publicam
1302 1019 1471 1072 regeret

10 1071 11 1084 ¹
127 1073 360 1128 orbemque
379 1076 603 1116 terrarum
622 1075 882 1131 gubernaret
906 1075 1159 1130 imperiique
1186 1075 1469 1129 maiestatem,

128 1146 256 1186 quam
301 1133 431 1174 armis
478 1136 714 1189 receperat,
765 1134 934 1190 legibus
985 1134 1275 1189 confirmaret,
1326 1134 1471 1188 aliqua

127 1190 466 1233 animadvertere
485 1207 571 1234 11011
590 1193 810 1248 potuisse?
841 1193 925 1234 nisi
950 1192 1032 1235 hoc
1058 1193 1214 1234 mirum
1247 1195 1326 1247 est,
1358 1192 1471 1247 quod

126 1250 190 1292 vis
231 1250 374 1292 divina
413 1251 588 1306 adsequi
624 1266 711 1293 non
753 1251 909 1307 possit,
952 1251 988 1293 si
1030 1251 1074 1292 id
1118 1266 1238 1292 mens
1281 1250 1470 1292 humana

72 1320 106 1345 20
126 1309 283 1363 adepta
312 1324 400 1351 non
431 1310 499 1351 sit.
560 1309 722 1351 Verum
753 1313 801 1351 ut
831 1310 936 1352 haec
967 1310 1100 1351 missa
1131 1310 1299 1365 faciam,
1338 1325 1446 1364 quae
1474 1328 1540 1359 132

125 1367 211 1409 iam
243 1367 359 1410 facta
391 1371 503 1423 sunt,
538 1383 588 1410 ex
618 1370 689 1423 iis,
722 1384 829 1423 quae
860 1383 973 1410 nunc
1005 1384 1101 1411 cum
1133 1369 1317 1410 maxime
1349 1369 1470 1423 fiunt,

125 1440 266 1468 nonne
304 1426 443 1481 quivis
480 1430 626 1482 potest
662 1428 913 1483 intellegere
952 1428 1142 1469 omnium
1187 1428 1470 1470 architectum

126 1488 169 1527 et
207 1485 547 1527 machinatorem
581 1501 713 1528 unum
745 1500 837 1527 esse
870 1484 1230 1541 Chrysogonum?
1270 1486 1343 1540 qui
1375 1484 1468 1527 Sex.

126 1544 253 1586 Rosci
283 1558 440 1586 nomen
467 1545 740 1586 deferendum
766 1544 933 1586 curavit
965 1544 1062 1596 [1106
1089 1545 1324 1599 iudicium],
1351 1544 1470 1586 cuius

72 1613 105 1638 25
125 1603 301 1645 honoris
334 1617 462 1645 causa
494 1618 693 1646 accusare
725 1618 769 1645 36
803 1603 909 1644 dixit
939 1602 1121 1644 Erucius
1156 1637 1162 1644 .
1191 1636 1228 1644 ..
1255 1637 1263 1644 .

554 1663 733 1714 [Desunt
761 1676 844 1704 non
867 1664 1034 1714 panca]

784 1751 808 1776 τὶς

212 1779 263 1821 111
301 1779 393 1822 vico
431 1779 694 1833 Pallacinae]
733 1780 885 1833 Locus,
926 1779 996 1821 ubi
1033 1782 1246 1821 cenaverat
1284 1779 1469 1823 Roscius.

138 1862 178 1867 -
212 1838 399 1881 Maxime
431 1839 604 1892 metuit]
637 1839 800 1881 Sullani
830 1839 988 1881 scilicet.
1021 1862 1076 1867 —
1108 1838 1290 1880 Dei-ivat
1322 1841 1468 1881 tamen

126 1900 169 1938 et
206 1897 267 1939 ait
306 1898 369 1950 se]
407 1898 453 1940 id
487 1901 545 1940 cst
580 1899 846 1951 suspicionem
882 1910 1001 1939 suani
1037 1897 1083 1939 in
1127 1898 1257 1939 alium
1301 1898 1468 1939 deducit.

71 1972 105 1998 30
124 1956 217 1998 Hoc
260 1957 367 1998 enim
405 1957 559 1999 dicebat
596 1957 900 2010 Clirysoyonns:
946 1955 1057 1997 ‘Non
1095 1957 1195 2009 qnia
1234 1957 1371 2006 timui,
1415 1970 1466 1997 ne

18 2019 19 2025 ’
123 2014 226 2056 mihi
257 2016 489 2057 tollerentur
520 2015 624 2057 bona
648 2015 798 2066 Roscii,
830 2016 917 2057 ideo
948 2015 1034 2056 61113
1056 2015 1228 2066 praedia
1259 2015 1467 2068 dissipavi,

121 2074 192 2116 sed
220 2075 319 2127 qnia
349 2074 626 2127 acdificabczm,
657 2075 704 2116 in
742 2074 1006 2117 Veientanam
1038 2074 1124 2114 ideo
1161 2074 1208 2114 de
1237 2072 1301 2114 liis
1333 2077 1467 2116 trans—

123 2132 224 2174 tuli.9
267 2157 316 2163 —-
359 2133 490 2175 Manu
533 2133 709 2188 praedia
752 2132 955 2188 praediis]
1000 2131 1208 2182 Pracdiis,
1251 2133 1465 2183 occasione,

121 2204 238 2244 quem
263 2193 319 2234 ad
342 2193 505 2234 niodum
529 2193 703 2234 dicineus
712 2206 725 2233 .·
751 2192 833 2244 ‘fac
856 2192 913 2232 ad
934 2203 1106 2232 manuni
1130 2191 1249 2232 illum
1267 2191 1464 2233 codicem'.

70 2266 102 2292 35
126 2274 174 2279 -—
209 2250 293 2292 Hic
325 2265 405 2307 ego
439 2251 585 2293 audire
616 2251 724 2293 istos
758 2250 900 2305 cupio]
933 2250 988 2290 In
1014 2249 1085 2290 1100
1110 2250 1238 2303 capite
1262 2250 1309 2291 de
1329 2253 1464 2303 poien-

123 2309 182 2350 tia
213 2309 462 2365 Chrysogoni
492 2311 692 2352 invidiam
721 2310 839 2362 facit,
871 2312 917 2350 nt
946 2312 1147 2350 enumeret
1175 2309 1339 2361 sinynla
1369 2311 1466 2352 deli-
