1675 2574
502 104 602 139 CAP.
631 110 765 141 19—21
792 109 812 148 ξ
838 109 987 141 62—68.
1352 107 1405 147 21

70 201 147 252 est,
178 201 503 252 procuratorem
530 200 698 242 decreto
726 201 938 255 praetoris
972 202 1214 255 oportuisse
1246 216 1407 255 parere.

68 255 206 305 Quid?
240 256 276 297 si
301 256 356 298 M.
377 255 539 299 Brutus
566 258 898 301 intercessurum
926 273 970 300 se
997 259 1105 300 dixit
1135 260 1293 314 palam,
1325 260 1408 300 nisi

68 314 169 370 quid
214 314 327 356 inter
372 315 514 370 ipsum
552 316 755 359 Alfenum
804 321 846 359 et
890 317 1101 359 Naevium
1150 318 1408 371 conveniret,

67 373 289 415 videturne
316 374 608 416 intercessisse
636 376 871 431 appellatio
897 376 1170 418 tribunorum
1202 391 1289 418 non
1320 390 1408 417 mo-

31 441 157 484 ⁵rae,
189 432 263 473 sed
296 433 443 474 auxilii
476 434 632 475 causa?

156 489 266 539 Quid
311 491 460 533 deinde
503 493 581 533 fit?
638 492 838 546 Alfenus,
881 496 930 535 ut
968 507 1115 535 omnes
1153 493 1406 547 intellegere

65 552 243 605 possent
286 549 441 591 iudicio
487 550 653 592 defendi
699 551 961 605 Quinctium,
1008 567 1060 593 ne
1106 566 1190 606 qua
1233 552 1408 593 subesse

65 610 212 663 posset
240 607 381 650 aliena
407 610 481 650 aut
507 608 642 663 ipsius
670 609 810 651 officio
838 614 912 651 aut
938 611 1062 652 huius
1090 610 1408 652 existimatione

67 666 265 721 suspicio,
297 667 414 709 viros
441 667 577 709 bonos
604 669 845 722 complures
879 669 1072 722 advocat,
1103 672 1291 711 testatur
1322 669 1407 709 isto

30 725 264 767 0audiente
310 739 353 766 se
398 741 476 780 pro
520 727 737 768 communi
780 728 1091 769 necessitudine
1135 728 1178 769 id
1222 727 1408 782 primum

64 786 228 839 petere,
270 798 323 825 ne
369 784 470 838 quid
517 784 704 826 atrocius
742 784 787 826 in
824 786 869 827 Ρ.
902 785 1147 834 Quinctium
1186 787 1408 827 absentem

66 842 157 884 sine
177 857 306 884 causa
324 842 465 884 facere
486 846 680 897 conetur3
707 843 773 884 sin
793 846 937 885 autem
961 844 1255 886 inimicissime
1279 847 1408 898 atque

64 901 344 943 infestissime
387 902 641 943 contendere
682 905 943 957 perseveret,
988 917 1032 944 se
1073 907 1274 958 paratum
1316 917 1408 944 esse

66 960 182 1001 omni
202 963 320 1002 recta
340 963 468 1015 atque
489 960 672 1002 honesta
690 961 858 1002 ratione
880 961 1115 1016 defendere,
1143 962 1256 1016 quod
1275 964 1409 1016 petat,

64 1033 151 1060 non
177 1019 340 1073 deberi3
372 1034 417 1060 se
443 1019 647 1061 iudicium
674 1020 729 1073 id,
762 1019 875 1073 quod
908 1020 1018 1074 edat,
1051 1021 1252 1075 accipere.
1302 1020 1407 1061 Eius
1434 1025 1474 1057 67

64 1077 126 1118 rei
174 1077 518 1132 condicionisque
561 1079 748 1120 tabellas
798 1079 1136 1133 obsignaverunt
1179 1079 1261 1119 viri
1305 1079 1409 1120 boni

63 1137 318 1191 complures
383 1136 468 1178 Res
509 1137 555 1178 in
596 1137 772 1178 dubium
810 1137 955 1179 venire
991 1152 1079 1178 non
1116 1139 1273 1192 potest.
1337 1136 1409 1178 Fit

62 1195 189 1236 rebus
228 1195 427 1236 omnibus
466 1195 649 1251 integris
687 1210 824 1250 neque
859 1195 1112 1250 proscriptis
1144 1210 1281 1249 neque
1313 1209 1409 1250 pos-

65 1250 193 1295 sessis
226 1254 364 1307 bonis‚
398 1256 448 1295 ut
466 1254 648 1295 Alfenus
680 1255 911 1309 promittat
935 1254 1099 1296 Naevio
1134 1254 1232 1295 sisti
1257 1253 1409 1302 Quinc-

63 1312 186 1353 tium.
239 1311 371 1354 Venit
409 1313 463 1354 ad
499 1313 791 1355 vadimonium
824 1312 1061 1362 Quinctius.
1115 1312 1233 1354 Iacet
1264 1327 1332 1354 res
1363 1313 1408 1353 in

64 1371 368 1413 controversiis
405 1372 491 1413 isto
531 1372 821 1413 calumniante
858 1372 1268 1425 biennium‚-usque
1308 1370 1408 1411 dum

63 1429 346 1484 inveniretur,
385 1444 469 1484 qua
505 1430 672 1472 ratione
709 1445 777 1471 res
817 1431 870 1472 ab
908 1430 1072 1471 usitata
1104 1430 1408 1471 consuetudine

64 1488 281 1530 recederet
325 1491 368 1529 et
403 1489 448 1529 in
485 1488 567 1530 hoc
605 1489 824 1544 singulare
860 1489 1064 1530 iudicium
1103 1502 1231 1529 causa
1269 1488 1408 1529 omnis

65 1547 399 1589 concluderetur.

153 1604 276 1653 Quod
313 1605 519 1659 officium,
557 1604 603 1647 C.
637 1606 803 1659 Aquili,
842 1605 1172 1647 commemorari
1209 1619 1408 1659 procura·
1434 1609 1478 1640 68

65 1664 174 1706 toris
195 1666 353 1718 potest⁷
380 1664 493 1718 quod
513 1664 567 1705 ab
587 1663 745 1705 Alfeno
766 1664 1048 1718 praeteritum
1070 1677 1162 1704 esse
1185 1662 1409 1704 videatur?

64 1722 166 1777 quid
198 1722 393 1777 affertur,
426 1737 556 1777 quare
587 1722 632 1764 P.
660 1721 882 1770 Quinctius
914 1724 1096 1778 negetur
1129 1722 1285 1763 absens
1318 1735 1410 1762 esse

64 1781 293 1823 defensus?
334 1781 405 1822 An
435 1796 537 1822 vero
569 1781 632 1835 id,
665 1781 778 1835 quod
808 1780 1109 1833 Hortensium,
1143 1780 1243 1834 quia
1273 1794 1409 1834 nuper

63 1839 222 1894 iniecit,
254 1842 297 1882 et
327 1840 428 1894 quja
457 1839 647 1882 Naevius
680 1854 848 1895 semper
878 1840 923 1881 id
955 1839 1163 1892 clamitat,
1196 1839 1409 1880 dicturum

64 1899 271 1953 arbitror,
307 1913 395 1940 non
431 1898 564 1940 fuisse
602 1898 767 1940 Naevio
806 1913 955 1953 parem
993 1898 1274 1940 certationem
1313 1911 1410 1938 cum

63 1957 221 1999 Alfeno
241 1958 318 1999 illo
339 1961 546 2013 tempore,
570 1957 660 1999 illis
687 1957 1037 1999 domi-nantibus?
1071 1956 1192 2005 Quod
1217 1956 1254 1996 si
1279 1955 1410 1996 velim
1437 1970 1441 1973 ’

62 2016 276 2070 confiteri,
313 2016 441 2076 illud,
479 2016 649 2071 opinor,
687 2016 936 2069 concedent,
967 2030 1054 2057 non
1085 2016 1410 2069 procuratorem

61 2073 108 2116 P.
124 2074 296 2124 Quincti
320 2075 537 2116 neminem
562 2074 708 2129 fuisse,
741 2075 814 2116 sed
841 2074 1081 2130 gratiosum
1107 2073 1252 2114 fuisse.
1302 2071 1411 2113 Mihi

63 2136 208 2175 autem
253 2134 306 2175 ad
346 2134 601 2175 vincendum
645 2133 751 2175 satis
793 2137 859 2174 est
898 2133 1031 2174 fuisse
1072 2133 1409 2187 procuratorem,

64 2192 235 2247 'quicum
255 2193 539 2247 experiretur3
569 2192 708 2247 qualis
732 2192 770 2233 is
794 2192 938 2246 fuerit,
970 2191 1006 2232 si
1033 2190 1159 2232 modo
1187 2191 1410 2231 absentem

64 2250 320 2292 defendebat
344 2266 422 2306 per
452 2251 518 2292 ius
553 2254 598 2293 et
628 2266 705 2306 per
736 2251 1061 2306 magistratum,
1091 2248 1202 2290 nihil
1235 2248 1288 2290 ad
1318 2261 1409 2288 rem

64 2309 252 2351 arbitror
283 2310 509 2365 pertinere.

1423 472 1475 512 21

1434 523 1477 554 66
