1618 2584
20 884 51 906 10

19 1174 51 1200 15

19 1468 52 1493 20

20 1761 52 1785 25

22 2054 55 2078 30

21 2347 54 2371 35

377 247 466 281 LIB.
493 246 525 279 II
569 246 671 280 CAP.
700 250 838 281 68—'10
864 249 882 287 ξ
912 250 1104 280 163-169,
1327 245 1409 286 261

73 357 199 397 quem
230 356 472 395 numerum,
510 356 635 395 quem
669 342 859 382 ordinem
891 341 1082 395 proferre
1113 354 1307 395 possum,
1341 340 1413 393 qui

70 407 114 443 te
163 415 249 443 non
293 401 447 453 oderit,
498 401 586 441 sive
630 400 786 441 civium
830 400 1121 441 Romanorum
1168 399 1255 439 sive
1301 398 1413 439 Sicu-

72 460 240 501 lorum?
296 462 361 513 ut,
418 459 587 501 etiamsi
645 473 812 512 causaS,
868 473 941 500 cur
990 461 1032 499 te
1089 457 1272 509 oderint,
1328 472 1415 498 non

71 519 234 572 possim
282 518 437 571 dicere,
481 521 626 558 tamen
669 517 776 557 illud
818 516 1040 558 dicendum
1077 520 1243 571 putem,
1289 530 1414 570 quem

73 591 219 618 omnes
253 578 457 617 mortales
491 576 676 629 oderint,
709 590 804 616 eum
837 576 957 616 vobis
992 590 1159 629 quoque
1192 574 1288 615 odio
1322 588 1414 615 esse

73 639 282 690 oportere.
343 635 413 676 An
450 635 531 676 hoc
563 634 700 675 dicere
734 634 926 687 audebis,
964 637 1109 674 utrum
1143 633 1192 674 de
1224 636 1268 674 te
1302 647 1390 673 ara·
1420 639 1483 671 167

71 698 205 747 tores,
242 697 388 735 utrum
426 693 604 746 denique
639 692 770 733 Siculi
807 692 996 733 universi
1030 693 1137 733 bene
1170 691 1416 732 existiment

73 755 146 793 aut
185 767 268 806 quo
307 752 433 793 modo
471 751 734 803 existiment,
773 751 825 791 ad
857 765 947 791 rem
979 751 1022 791 id
1053 765 1140 792 non
1171 750 1415 804 pertinere?

72 810 219 864 Neque
251 814 299 852 tu
336 811 416 851 hoc
449 810 585 851 dicere
618 809 812 861 audebis,
843 824 937 862 nec,
978 809 1013 849 si
1045 809 1213 863 cupias,
1252 807 1416 862 licebit3

72 870 258 923 eripiunt
297 869 409 909 enim
443 869 524 909 tibi
555 868 685 909 istam
718 868 957 909 orationem
991 867 1416 919 [contemnendorum

72 927 311 969 Siculorum
333 931 460 981 atque
481 928 717 978 aratorum]
741 929 909 967 statuae
929 926 1030 966 illae
1053 929 1284 979 equestres,
1311 940 1417 979 quas

71 991 118 1028 tu
151 987 279 1041 paulo
313 989 423 1035 ante,
456 1000 583 1039 quam
617 985 670 1026 ad
701 985 851 1026 urbem
884 985 1062 1037 venires,
1093 985 1196 1038 poni
1226 984 1417 1025 inscribi-

72 1060 152 1099 que
196 1045 379 1097 iussisti,
423 1048 472 1085 ut
515 1044 706 1085 omnium
749 1044 994 1097 iniquorum
1038 1047 1211 1084 tuorum
1251 1043 1416 1084 animos

72 1107 452 1157 accusatorumque
490 1103 696 1144 tardares.
766 1102 869 1150 Quis
909 1102 1022 1142 enim
1060 1102 1140 1142 tibi
1184 1102 1392 1143 molestus
1421 1109 1485 1142 168

72 1166 185 1204 esset
218 1166 291 1203 aut
324 1162 416 1216 quis
450 1162 669 1216 appellare
703 1160 894 1214 auderet,
927 1176 1021 1201 cum
1054 1160 1218 1201 videret
1249 1162 1415 1201 statuas

73 1222 126 1263 ab
157 1221 521 1276 negotiatoribus,
560 1220 613 1260 ab
647 1220 909 1272 aratoribus,
942 1234 966 1259 a
999 1219 1213 1259 communi
1247 1217 1416 1260 Siciliae

72 1280 266 1334 positas?
319 1279 440 1328 Quod
463 1282 528 1320 est
561 1278 676 1319 aliud
702 1278 746 1318 in
771 1278 849 1318 illa
874 1278 1094 1331 provincia
1122 1291 1256 1332 genus
1282 1277 1417 1318 homi-

71 1339 202 1379 num?
247 1337 438 1379 Nullum.
483 1338 601 1392 Ergo
627 1337 680 1378 ab
702 1336 901 1377 universa
920 1336 1141 1390 provincia
1161 1336 1416 1391 generatim-

73 1412 153 1451 que
187 1412 211 1438 a
243 1397 424 1452 singulis
457 1395 773 1450 eiuspartibus
805 1410 891 1436 non
924 1395 1063 1436 solum
1097 1395 1311 1449 diligitur,
1344 1395 1416 1435 sed

73 1456 203 1497 etiam
243 1459 431 1497 ornatur.
496 1454 598 1503 Quis
638 1455 749 1495 hunc
792 1454 1005 1508 attingere
1039 1453 1224 1494 audeat?
1286 1453 1416 1494 Potes

72 1515 206 1569 igitur
227 1514 363 1555 dicere
386 1514 494 1555 nihil
520 1513 601 1554 tibi
628 1513 777 1554 obesse
805 1516 1002 1566 oportere
1030 1516 1261 1565 aratorum,
1286 1525 1416 1566 nego-

73 1575 291 1626 tiatorum,
313 1571 637 1625 Siculorumque
658 1571 849 1612 omnium
870 1570 1132 1623 testimonia,
1152 1585 1247 1611 cum
1269 1585 1416 1611 eorum

72 1632 318 1673 nominibus
351 1631 396 1671 in
428 1633 669 1672 statuarum
701 1629 980 1683 inscriptione
1007 1629 1219 1683 oppositis
1247 1643 1416 1670 omnem

75 1697 116 1731 te
155 1690 341 1745 speraris
381 1690 585 1730 invidiam
626 1692 753 1743 atque
786 1688 1008 1728 infamiam
1041 1690 1160 1728 tuam
1193 1702 1318 1741 posse
1351 1702 1417 1728 ex-

74 1749 300 1804 tinguere?
347 1763 418 1801 an,
463 1762 644 1802 quorum
688 1751 735 1787 tu
781 1747 1036 1788 auctoritate
1081 1748 1248 1787 statuas
1294 1746 1418 1787 coho-

73 1811 244 1849 nestare
282 1810 379 1848 tuas
418 1809 597 1848 conatus
637 1821 698 1859 es,
744 1820 890 1846 eorum
929 1819 1008 1860 ego
1049 1804 1260 1859 dignitate
1299 1819 1417 1846 accu-

74 1867 284 1908 sationem
317 1880 457 1906 meam
490 1865 768 1919 comprobare
800 1878 887 1905 non
920 1864 1098 1917 potero?

161 1924 257 1965 Nisi
284 1925 409 1978 forte,
443 1924 555 1978 quod
581 1924 691 1977 apud
724 1923 974 1976 publicanos
1009 1922 1226 1977 gratiosus
1257 1921 1392 1974 fuisti,
1421 1929 1485 1960 169

73 1984 117 2025 in
156 1999 205 2025 ea
244 1998 288 2024 re
328 1997 425 2038 spes
464 1985 506 2024 te
543 1983 687 2036 aliqua
720 1982 979 2023 consolatur.
1042 1981 1157 2029 Quae
1192 1980 1333 2036 gratia
1364 1994 1416 2020 ne

76 2043 175 2097 quid
205 2042 287 2083 tibi
318 2042 519 2096 prodesse
552 2044 716 2095 posset,
749 2055 828 2096 ego
862 2055 958 2081 mea
990 2039 1215 2095 diligentia
1248 2038 1416 2092 perfeci,

73 2105 122 2142 ut
169 2101 298 2142 etiam
346 2101 496 2141 obesse
542 2100 731 2153 deberet,
778 2102 826 2140 tu
870 2102 944 2140 tua
990 2099 1201 2153 sapientia
1245 2097 1416 2138 curasti.

73 2160 246 2201 Etenim
285 2174 375 2200 rem
413 2162 571 2212 totam,
607 2158 786 2212 iudices,
823 2158 1012 2199 breviter
1047 2156 1303 2212 cognoscite.
1366 2155 1486 2199 11170

75 2219 288 2273 scriptura
320 2216 490 2259 Siciliae
529 2232 606 2272 pro
646 2217 856 2271 magistro
897 2219 961 2257 cst
993 2216 1166 2270 quidam
1199 2215 1244 2256 L.
1272 2214 1417 2268 Carpi-

73 2278 235 2330 natius,
281 2277 353 2331 qui
391 2280 434 2318 et
472 2276 537 2318 sui
576 2278 779 2330 quaestus
818 2290 962 2328 causa,
1001 2278 1043 2316 et
1080 2274 1265 2315 fortasse
1305 2272 1418 2327 quod

76 2350 287 2377 soelorum
312 2336 520 2377 interesse
548 2335 855 2388 arbitrabatur,
887 2334 994 2375 bene
1020 2333 1189 2388 penitus
1215 2333 1260 2373 in
1290 2332 1416 2372 istius

73 2394 414 2435 familiaritatem
455 2408 546 2435 sese
586 2394 712 2435 dedit.
773 2392 816 2434 Is
855 2408 950 2434 cum
983 2394 1225 2446 praetorem
1258 2389 1417 2432 circum

77 2453 218 2494 omnia
238 2453 334 2495 fora
359 2455 594 2495 sectaretur
620 2467 755 2506 neque
783 2452 836 2493 ab
864 2466 912 2493 eo
939 2466 1144 2505 umquam
1172 2449 1417 2502 discederet,
