1618 2584
178 199 264 240 474
582 199 632 232 IN
660 198 695 232 C.
717 198 920 232 VERREM
946 198 1047 233 ACT.
1075 199 1118 233 Π.

178 310 272 336 rum
312 294 452 349 operis
492 309 539 335 ac
574 294 796 335 laboribus
830 294 1066 347 quaeritur,
1105 294 1177 347 qui
1209 309 1233 335 a
1264 294 1513 348 parentibus

180 369 253 408 spe
279 354 417 394 nostri
443 353 612 407 imperii
642 355 900 405 nostraeque
933 352 1163 405 aequitatis
1197 353 1384 407 suscepti
1416 352 1514 393 edu-

178 413 345 466 catique
385 414 500 465 sunt,
540 411 591 451 ad
631 409 675 451 C.
702 410 849 451 Verris
888 411 1097 452 nefariam
1135 411 1433 452 inmanitatem
1473 413 1514 451 et

111 473 174 505 124
202 471 253 511 ad
280 471 368 511 61113
395 471 610 511 funestam
637 484 826 510 securem
853 484 944 510 esse
972 470 1193 511 servatos?
1245 469 1382 518 Quom
1408 470 1514 510 mihi

177 529 457 583 Tyndaritani
495 529 611 569 illius
649 529 766 569 venit
798 528 841 568 in
874 531 1077 581 mentem,
1117 542 1244 581 quom
1277 527 1513 583 Segestani,

176 592 268 629 tum
289 589 382 628 iura
403 587 529 628 simul
550 587 774 628 civitatum
799 590 925 640 atque
954 587 1095 628 officia
1122 587 1354 628 considero.
1400 586 1513 634 Quas

175 648 303 687 urbes
324 646 369 686 P.
384 646 614 687 Africanus
637 646 765 686 etiam
789 646 1001 686 ornandas
1029 660 1119 687 esse
1148 646 1297 700 spoliis
1323 645 1514 686 hostium

176 706 412 746 arbitratus
458 708 539 758 est,
585 719 654 745 eas
695 703 738 745 C.
767 703 923 745 Verres
960 719 1047 745 non
1085 705 1224 745 solum
1262 704 1350 745 illis
1391 719 1514 744 orna-

176 764 349 815 mentis,
394 763 466 804 sed
512 763 641 804 etiam
685 763 788 804 viris
832 763 1113 804 nobilissimis
1155 763 1318 804 nefario
1358 763 1514 804 scelere

175 823 374 877 privavit.
436 822 520 876 En,
560 822 672 875 quod
711 821 991 874 Tyndaritani
1030 822 1214 862 libenter
1252 822 1514 876 praedicent:

176 881 300 922 ‘Nos
345 881 395 921 in
440 881 801 935 septemdecim
846 881 1052 935 populis
1096 880 1306 922 Siciliae
1350 895 1515 921 nume-

174 955 363 993 ramur,
390 954 478 980 nos
507 954 706 993 semper
733 940 964 980 omnibus
992 939 1198 980 Punicis
1226 937 1515 980 Siciliensi-

174 999 368 1052 busque
407 998 563 1039 bellis
603 998 882 1039 amicitiam
921 998 1176 1051 fidemque
1214 998 1391 1052 populi
1422 997 1516 1038 Ro-

174 1058 307 1098 mani
359 1057 522 1098 secuti
572 1071 759 1110 sumus,
810 1072 834 1097 a
883 1057 1031 1097 nobis
1081 1057 1281 1108 [omnia]
1327 1057 1515 1111 populo

174 1116 397 1157 Romano
425 1130 623 1170 semper
649 1119 697 1156 et
723 1115 850 1156 belli
878 1116 1170 1156 adiumenta
1197 1119 1245 1156 et
1270 1115 1410 1169 pacis
1438 1129 1514 1156 or-

174 1177 413 1215 namenta
446 1175 748 1215 ministrata
781 1174 924 1214 sunt.'
975 1174 1160 1214 Multum
1193 1188 1292 1214 vero
1326 1174 1431 1214 haec
1462 1173 1514 1213 iis

107 1244 171 1273 125
198 1234 291 1274 iura
312 1233 566 1287 profuerunt
586 1233 630 1274 in
649 1233 774 1274 istius
795 1233 974 1287 imperio
997 1248 1045 1274 ac
1065 1233 1300 1287 potestate!
1334 1232 1513 1273 Vestros

98 2268 153 2307 48

122 2320 140 2335 ς,

100 2320 369 2400 1”6(16111(1116,
406 2350 453 2387 ut
486 2348 626 2387 vivere
659 2347 811 2400 velint,
850 2348 1126 2398 tenebuntur,
1163 2347 1198 2386 si
1230 2360 1306 2386 vos
1340 2360 1411 2386 eos
1445 2346 1510 2386 de-

176 1292 391 1346 quondam
423 1294 578 1333 nautas
612 1295 762 1333 contra
789 1291 1097 1346 Carthaginem
1130 1291 1271 1345 Scipio
1305 1291 1436 1343 duxit,
1470 1293 1514 1331 at

173 1366 285 1391 nunc
304 1365 458 1391 navem
479 1353 629 1391 contra
651 1350 884 1403 praedones
912 1365 1045 1404 paene
1072 1350 1242 1390 inanem
1264 1350 1513 1390 Cleomenes

175 1410 308 1462 dncit3
345 1409 567 1450 vobiscum
593 1409 822 1450 Africanus
855 1409 1044 1449 hostium
1078 1409 1216 1462 spolia
1249 1411 1291 1449 et
1323 1408 1514 1462 praemia

173 1468 312 1509 laudis
334 1468 677 1520 communicavit,
705 1471 750 1508 at
772 1482 883 1509 nunc
906 1467 936 1519 ’ξ’
958 1482 1034 1521 per
1060 1482 1126 1507 1116
1155 1467 1329 1521 spoliati
1355 1481 1463 1507 nave
1490 1481 1514 1507 a

172 1526 461 1581 praedonibus
495 1527 679 1567 abducta
712 1526 795 1580 ipsi
826 1526 870 1566 in
902 1526 1093 1567 hostium
1126 1526 1219 1567 loco
1252 1539 1513 1579 numeroque

173 1585 388 1626 ducimini.
453 1584 561 1633 Quid
600 1586 730 1625 vero?
775 1585 850 1625 illa
883 1583 1217 1639 Segestanorum
1256 1599 1341 1625 non
1374 1584 1513 1625 solum

172 1644 330 1684 litteris
357 1644 518 1684 tradita
544 1658 679 1697 neque
707 1647 1042 1685 commemorata
1073 1644 1228 1697 verbis,
1261 1643 1333 1684 sed
1366 1643 1513 1683 multis

171 1703 324 1744 officiis
351 1703 525 1743 illorum
553 1706 759 1756 usurpata
785 1705 828 1742 et
860 1703 1141 1756 comprobata
1172 1702 1372 1757 cognatio
1406 1715 1512 1755 quos

171 1762 346 1802 tandem
365 1761 531 1803 fructus
558 1761 733 1802 huiusce
760 1761 1084 1802 necessitudinis
1112 1761 1155 1801 in
1181 1761 1306 1801 istius
1332 1760 1511 1814 imperio

170 1821 302 1860 tulit?
353 1820 518 1874 Nempe
539 1820 618 1861 1106
643 1820 732 1860 iure
760 1820 852 1872 fuit,
879 1820 1050 1872 iudices,
1075 1822 1122 1860 ut
1148 1834 1197 1860 ex
1225 1820 1320 1860 sinu
1346 1819 1511 1873 patriae

169 1878 466 1919 nobilissimus
488 1879 735 1919 adulescens
765 1880 824 1929 [et
851 1893 899 1918 ex
928 1879 1136 1932 conplexu
1163 1878 1313 1918 matris
1341 1881 1512 1932 ereptus

169 1937 373 1977 innocens
412 1937 545 1988 filius]
587 1937 711 1977 istius
745 1936 933 1977 carnifici
966 1935 1109 1977 Sextio
1144 1937 1377 1977 dederetur.
1435 1936 1512 1976 Cui

169 1996 336 2036 civitati
375 1996 559 2036 maiores
591 1995 729 2036 nostri
761 1995 970 2036 maximos
1004 2010 1131 2050 agros
1164 1998 1292 2049 atque
1324 1995 1511 2049 optimos

169 2057 482 2105 concesserunt,
503 2069 629 2108 quam
651 2054 882 2095 immunem
905 2069 996 2095 esse
1016 2055 1255 2107 voluerunt,
1276 2054 1379 2094 haec
1400 2053 1512 2107 apud

168 2115 210 2153 te
232 2113 516 2167 cognationis,
540 2113 774 2166 fidelitatis,
801 2113 1042 2165 vetustatis,
1070 2113 1339 2154 auctoritatis
1359 2126 1411 2153 116
1432 2112 1511 2153 1106

170 2171 339 2224 quidem
360 2172 464 2212 iuris
486 2172 685 2226 optinuit,
711 2174 759 2212 ut
780 2172 904 2212 11111113
925 2171 1219 2212 honestissimi
1241 2174 1367 2224 atque
1394 2170 1511 2211 inno-

169 2230 405 2270 centissimi
449 2230 551 2271 civis
597 2232 780 2270 mortem
825 2245 873 2270 ac
911 2230 1162 2283 sanguinem
1201 2230 1510 2283 deprecaretur.

259 2288 351 2336 Quo
380 2289 630 2343 confugient
657 2288 789 2329 soeii‘?
823 2303 948 2342 quem
978 2288 1286 2342 inplorabunt?
1321 2302 1405 2341 qua
1436 2301 1509 2341 spe

168 2405 350 2445 seretis?
396 2405 463 2445 Ad
492 2406 780 2457 senatum[ne]
809 2405 1010 2446 venient?
1062 2405 1198 2452 Quid?
1237 2408 1286 2444 ut
1312 2404 1361 2445 de
1377 2403 1509 2445 Verre

1536 833 1569 858 10

1537 1125 1568 1152 15

1533 1420 1567 1445 20

1533 1713 1564 1739 25

1531 2006 1562 2032 30

1529 2296 1558 2322 35
