<?xml version="1.0" encoding="UTF-8"?>
<!DOCTYPE html PUBLIC "-//W3C//DTD XHTML 1.0 Transitional//EN"
    "http://www.w3.org/TR/xhtml1/DTD/xhtml1-transitional.dtd">
<html xmlns="http://www.w3.org/1999/xhtml" xml:lang="en" lang="en">
 <head>
  <title>
</title>
<meta http-equiv="Content-Type" content="text/html;charset=utf-8" />
  <meta name='ocr-system' content='tesseract 3.04.00' />
  <meta name='ocr-capabilities' content='ocr_page ocr_carea ocr_par ocr_line ocrx_word'/>
</head>
<body>
  <div class='ocr_page' id='page_1' title='image "./p1scriptaquaemanse02ciceuoft_0518.png"; bbox 0 0 1618 2584; ppageno 0'>
   <div class='ocr_carea' id='block_1_1' title="bbox 106 1090 150 1123">
    <p class='ocr_par' dir='ltr' id='par_1_1' title="bbox 106 1090 150 1123">
     <span class='ocr_line' id='line_1_1' title="bbox 106 1090 150 1123; baseline -0.045 0"><span class='ocrx_word' id='word_1_1' title='bbox 106 1090 150 1123; x_wconf 83' lang='lat'>95</span> 
     </span>
    </p>
   </div>
   <div class='ocr_carea' id='block_1_2' title="bbox 106 2056 165 2140">
    <p class='ocr_par' dir='ltr' id='par_1_2' title="bbox 106 2056 165 2140">
     <span class='ocr_line' id='line_1_2' title="bbox 106 2056 165 2097; baseline 0 0"><span class='ocrx_word' id='word_1_2' title='bbox 106 2056 165 2097; x_wconf 85' lang='lat'>44</span> 
     </span>
     <span class='ocr_line' id='line_1_3' title="bbox 106 2109 153 2140; baseline 0 0"><span class='ocrx_word' id='word_1_3' title='bbox 106 2109 153 2140; x_wconf 82' lang='lat'>96</span> 
     </span>
    </p>
   </div>
   <div class='ocr_carea' id='block_1_3' title="bbox 0 0 1618 204">
    <p class='ocr_par' dir='ltr' id='par_1_3' title="bbox 0 0 1618 204">
     <span class='ocr_line' id='line_1_4' title="bbox 0 0 1618 204; baseline 0 2380"><span class='ocrx_word' id='word_1_4' title='bbox 0 0 1618 204; x_wconf 95' lang='lat' dir='ltr'> </span> 
     </span>
    </p>
   </div>
   <div class='ocr_carea' id='block_1_4' title="bbox 173 218 1117 262">
    <p class='ocr_par' dir='ltr' id='par_1_4' title="bbox 173 218 1117 262">
     <span class='ocr_line' id='line_1_5' title="bbox 173 218 1117 262; baseline -0.008 0"><span class='ocrx_word' id='word_1_5' title='bbox 173 223 263 262; x_wconf 85' lang='lat'>404</span> <span class='ocrx_word' id='word_1_6' title='bbox 574 219 626 253; x_wconf 92' lang='lat' dir='ltr'>IN</span> <span class='ocrx_word' id='word_1_7' title='bbox 654 219 691 254; x_wconf 88' lang='lat' dir='ltr'>C.</span> <span class='ocrx_word' id='word_1_8' title='bbox 712 218 916 252; x_wconf 86' lang='lat' dir='ltr'>VERREM</span> <span class='ocrx_word' id='word_1_9' title='bbox 942 218 1048 254; x_wconf 82' lang='lat' dir='ltr'>ACT.</span> <span class='ocrx_word' id='word_1_10' title='bbox 1074 219 1117 254; x_wconf 93' lang='grc' dir='ltr'>ΙΙ.</span> 
     </span>
    </p>
   </div>
   <div class='ocr_carea' id='block_1_5' title="bbox 174 314 1618 2486">
    <p class='ocr_par' dir='ltr' id='par_1_5' title="bbox 174 314 1618 2486">
     <span class='ocr_line' id='line_1_6' title="bbox 174 314 1515 371; baseline -0.001 -13"><span class='ocrx_word' id='word_1_11' title='bbox 174 317 220 358; x_wconf 90' lang='lat' dir='ltr'>in</span> <span class='ocrx_word' id='word_1_12' title='bbox 245 316 442 370; x_wconf 80' lang='lat' dir='ltr'>precibus</span> <span class='ocrx_word' id='word_1_13' title='bbox 470 318 512 357; x_wconf 91' lang='lat' dir='ltr'>et</span> <span class='ocrx_word' id='word_1_14' title='bbox 545 314 909 371; x_wconf 69' lang='lat' dir='ltr'>gratulationibus</span> <span class='ocrx_word' id='word_1_15' title='bbox 942 329 1028 356; x_wconf 89' lang='lat' dir='ltr'>non</span> <span class='ocrx_word' id='word_1_16' title='bbox 1060 315 1201 357; x_wconf 91' lang='lat' dir='ltr'>solum</span> <span class='ocrx_word' id='word_1_17' title='bbox 1232 315 1277 357; x_wconf 90' lang='lat' dir='ltr'>id</span> <span class='ocrx_word' id='word_1_18' title='bbox 1307 315 1515 370; x_wconf 86' lang='lat' dir='ltr'>venerari,</span> 
     </span>
     <span class='ocr_line' id='line_1_7' title="bbox 174 372 1515 429; baseline -0.001 -12"><span class='ocrx_word' id='word_1_19' title='bbox 174 390 325 417; x_wconf 88' lang='lat' dir='ltr'>verum</span> <span class='ocrx_word' id='word_1_20' title='bbox 357 375 488 416; x_wconf 88' lang='lat' dir='ltr'>etiam</span> <span class='ocrx_word' id='word_1_21' title='bbox 521 373 707 415; x_wconf 91' lang='lat' dir='ltr'>osculari</span> <span class='ocrx_word' id='word_1_22' title='bbox 738 373 890 415; x_wconf 90' lang='lat' dir='ltr'>solent.</span> <span class='ocrx_word' id='word_1_23' title='bbox 945 372 1014 414; x_wconf 92' lang='lat' dir='ltr'>Ad</span> <span class='ocrx_word' id='word_1_24' title='bbox 1045 373 1127 415; x_wconf 92' lang='lat' dir='ltr'>hoc</span> <span class='ocrx_word' id='word_1_25' title='bbox 1158 374 1386 429; x_wconf 91' lang='lat' dir='ltr'>templum,</span> <span class='ocrx_word' id='word_1_26' title='bbox 1419 389 1515 416; x_wconf 91' lang='lat' dir='ltr'>cum</span> 
     </span>
     <span class='ocr_line' id='line_1_8' title="bbox 176 431 1515 487; baseline -0.001 -11"><span class='ocrx_word' id='word_1_27' title='bbox 176 436 290 476; x_wconf 87' lang='lat' dir='ltr'>esset</span> <span class='ocrx_word' id='word_1_28' title='bbox 326 433 409 474; x_wconf 87' lang='lat' dir='ltr'>iste</span> <span class='ocrx_word' id='word_1_29' title='bbox 442 431 691 487; x_wconf 71' lang='lat' dir='ltr'>Agrigenti,</span> <span class='ocrx_word' id='word_1_30' title='bbox 729 432 833 473; x_wconf 87' lang='lat' dir='ltr'>duce</span> <span class='ocrx_word' id='word_1_31' title='bbox 867 431 1139 474; x_wconf 80' lang='lat' dir='ltr'>Timarchide</span> <span class='ocrx_word' id='word_1_32' title='bbox 1177 435 1351 487; x_wconf 89' lang='lat' dir='ltr'>repente</span> <span class='ocrx_word' id='word_1_33' title='bbox 1389 435 1515 475; x_wconf 89' lang='lat' dir='ltr'>nocte</span> 
     </span>
     <span class='ocr_line' id='line_1_9' title="bbox 174 490 1515 546; baseline -0.001 -12"><span class='ocrx_word' id='word_1_34' title='bbox 174 493 436 546; x_wconf 89' lang='lat' dir='ltr'>intempesta</span> <span class='ocrx_word' id='word_1_35' title='bbox 473 505 694 532; x_wconf 88' lang='lat' dir='ltr'>servorum</span> <span class='ocrx_word' id='word_1_36' title='bbox 733 493 1000 532; x_wconf 89' lang='lat' dir='ltr'>armatorum</span> <span class='ocrx_word' id='word_1_37' title='bbox 1038 490 1088 532; x_wconf 89' lang='lat' dir='ltr'>fit</span> <span class='ocrx_word' id='word_1_38' title='bbox 1126 505 1354 533; x_wconf 82' lang='lat' dir='ltr'>concursus</span> <span class='ocrx_word' id='word_1_39' title='bbox 1387 494 1515 546; x_wconf 89' lang='lat' dir='ltr'>atque</span> 
     </span>
     <span class='ocr_line' id='line_1_10' title="bbox 174 548 1551 606; baseline -0.004 -13"><span class='ocrx_word' id='word_1_40' title='bbox 174 552 373 606; x_wconf 88' lang='lat' dir='ltr'>impetus.</span> <span class='ocrx_word' id='word_1_41' title='bbox 424 548 599 591; x_wconf 85' lang='lat' dir='ltr'>Clamor</span> <span class='ocrx_word' id='word_1_42' title='bbox 625 564 650 590; x_wconf 93' lang='lat' dir='ltr'>a</span> <span class='ocrx_word' id='word_1_43' title='bbox 674 549 881 604; x_wconf 88' lang='lat' dir='ltr'>vigilibus</span> <span class='ocrx_word' id='word_1_44' title='bbox 912 549 1088 603; x_wconf 88' lang='lat' dir='ltr'>fanique</span> <span class='ocrx_word' id='word_1_45' title='bbox 1120 549 1370 592; x_wconf 71' lang='lat' dir='ltr'>custodibus</span> <span class='ocrx_word' id='word_1_46' title='bbox 1401 550 1516 592; x_wconf 89' lang='lat' dir='ltr'>tolli·</span> <span class='ocrx_word' id='word_1_47' title='bbox 1535 562 1551 588; x_wconf 87' lang='lat'><strong>5</strong></span> 
     </span>
     <span class='ocr_line' id='line_1_11' title="bbox 175 608 1517 664; baseline -0.001 -13"><span class='ocrx_word' id='word_1_48' title='bbox 175 613 263 663; x_wconf 86' lang='lat' dir='ltr'>tur3</span> <span class='ocrx_word' id='word_1_49' title='bbox 296 609 369 664; x_wconf 89' lang='lat' dir='ltr'>qui</span> <span class='ocrx_word' id='word_1_50' title='bbox 394 608 534 663; x_wconf 91' lang='lat' dir='ltr'>primo</span> <span class='ocrx_word' id='word_1_51' title='bbox 561 622 656 650; x_wconf 91' lang='lat' dir='ltr'>cum</span> <span class='ocrx_word' id='word_1_52' title='bbox 684 608 892 650; x_wconf 88' lang='lat' dir='ltr'>obsistere</span> <span class='ocrx_word' id='word_1_53' title='bbox 919 622 967 650; x_wconf 88' lang='lat' dir='ltr'>ac</span> <span class='ocrx_word' id='word_1_54' title='bbox 994 608 1215 650; x_wconf 80' lang='lat' dir='ltr'>defendere</span> <span class='ocrx_word' id='word_1_55' title='bbox 1248 611 1517 663; x_wconf 81' lang='lat' dir='ltr'>conarentur,</span> 
     </span>
     <span class='ocr_line' id='line_1_12' title="bbox 176 666 1517 722; baseline -0.001 -12"><span class='ocrx_word' id='word_1_56' title='bbox 176 669 288 710; x_wconf 88' lang='lat' dir='ltr'>male</span> <span class='ocrx_word' id='word_1_57' title='bbox 327 667 506 709; x_wconf 86' lang='lat' dir='ltr'>mulcati</span> <span class='ocrx_word' id='word_1_58' title='bbox 543 666 678 709; x_wconf 87' lang='lat' dir='ltr'>clavis</span> <span class='ocrx_word' id='word_1_59' title='bbox 717 681 766 708; x_wconf 91' lang='lat' dir='ltr'>ac</span> <span class='ocrx_word' id='word_1_60' title='bbox 796 667 984 708; x_wconf 86' lang='lat' dir='ltr'>fustibus</span> <span class='ocrx_word' id='word_1_61' title='bbox 1016 668 1296 722; x_wconf 88' lang='lat' dir='ltr'>repelluntur.</span> <span class='ocrx_word' id='word_1_62' title='bbox 1357 667 1517 709; x_wconf 89' lang='lat' dir='ltr'>Postea</span> 
     </span>
     <span class='ocr_line' id='line_1_13' title="bbox 176 724 1516 782; baseline -0.001 -14"><span class='ocrx_word' id='word_1_63' title='bbox 176 726 390 769; x_wconf 88' lang='lat' dir='ltr'>convolsis</span> <span class='ocrx_word' id='word_1_64' title='bbox 410 725 630 781; x_wconf 81' lang='lat' dir='ltr'>repagulis</span> <span class='ocrx_word' id='word_1_65' title='bbox 652 724 933 780; x_wconf 82' lang='lat' dir='ltr'>ecfractisque</span> <span class='ocrx_word' id='word_1_66' title='bbox 953 726 1092 767; x_wconf 86' lang='lat' dir='ltr'>valvis</span> <span class='ocrx_word' id='word_1_67' title='bbox 1121 726 1318 768; x_wconf 86' lang='lat' dir='ltr'>demoliri</span> <span class='ocrx_word' id='word_1_68' title='bbox 1345 726 1516 782; x_wconf 87' lang='lat' dir='ltr'>signum</span> 
     </span>
     <span class='ocr_line' id='line_1_14' title="bbox 177 783 1516 828; baseline -0.001 -1"><span class='ocrx_word' id='word_1_69' title='bbox 177 800 226 828; x_wconf 91' lang='lat' dir='ltr'>ac</span> <span class='ocrx_word' id='word_1_70' title='bbox 250 785 445 827; x_wconf 88' lang='lat' dir='ltr'>vectibus</span> <span class='ocrx_word' id='word_1_71' title='bbox 478 783 739 826; x_wconf 85' lang='lat' dir='ltr'>labefactare</span> <span class='ocrx_word' id='word_1_72' title='bbox 772 787 992 826; x_wconf 84' lang='lat' dir='ltr'>conantur.</span> <span class='ocrx_word' id='word_1_73' title='bbox 1043 783 1215 826; x_wconf 83' lang='lat' dir='ltr'>Interea</span> <span class='ocrx_word' id='word_1_74' title='bbox 1247 799 1297 826; x_wconf 80' lang='lat' dir='ltr'>ex</span> <span class='ocrx_word' id='word_1_75' title='bbox 1328 785 1516 827; x_wconf 88' lang='lat' dir='ltr'>clamore</span> 
     </span>
     <span class='ocr_line' id='line_1_15' title="bbox 175 843 1618 899; baseline -0.001 -14"><span class='ocrx_word' id='word_1_76' title='bbox 175 844 294 886; x_wconf 85' lang='lat' dir='ltr'>fama</span> <span class='ocrx_word' id='word_1_77' title='bbox 336 846 431 885; x_wconf 91' lang='lat' dir='ltr'>tota</span> <span class='ocrx_word' id='word_1_78' title='bbox 473 844 579 884; x_wconf 89' lang='lat' dir='ltr'>urbe</span> <span class='ocrx_word' id='word_1_79' title='bbox 622 843 889 898; x_wconf 85' lang='lat' dir='ltr'>percrebruit</span> <span class='ocrx_word' id='word_1_80' title='bbox 933 843 1171 899; x_wconf 83' lang='lat' dir='ltr'>expugnari</span> <span class='ocrx_word' id='word_1_81' title='bbox 1212 843 1312 885; x_wconf 90' lang='lat' dir='ltr'>deos</span> <span class='ocrx_word' id='word_1_82' title='bbox 1350 844 1516 898; x_wconf 89' lang='lat' dir='ltr'>patrios</span> <span class='ocrx_word' id='word_1_83' title='bbox 1537 857 1570 882; x_wconf 88' lang='lat'>10</span> <span class='ocrx_word' id='word_1_84' title='bbox 1615 855 1618 879; x_wconf 83' lang='grc' dir='ltr'>ι</span> 
     </span>
     <span class='ocr_line' id='line_1_16' title="bbox 175 901 1516 957; baseline -0.001 -12"><span class='ocrx_word' id='word_1_85' title='bbox 175 918 263 945; x_wconf 91' lang='lat' dir='ltr'>non</span> <span class='ocrx_word' id='word_1_86' title='bbox 316 902 509 944; x_wconf 89' lang='lat' dir='ltr'>hostium</span> <span class='ocrx_word' id='word_1_87' title='bbox 565 901 751 943; x_wconf 86' lang='lat' dir='ltr'>adventu</span> <span class='ocrx_word' id='word_1_88' title='bbox 802 902 1058 955; x_wconf 87' lang='lat' dir='ltr'>necopinato</span> <span class='ocrx_word' id='word_1_89' title='bbox 1107 917 1244 956; x_wconf 88' lang='lat' dir='ltr'>neque</span> <span class='ocrx_word' id='word_1_90' title='bbox 1293 902 1516 957; x_wconf 87' lang='lat' dir='ltr'>repentino</span> 
     </span>
     <span class='ocr_line' id='line_1_17' title="bbox 176 960 1517 1017; baseline -0.001 -14"><span class='ocrx_word' id='word_1_91' title='bbox 176 961 441 1017; x_wconf 90' lang='lat' dir='ltr'>praedonum</span> <span class='ocrx_word' id='word_1_92' title='bbox 484 961 667 1015; x_wconf 89' lang='lat' dir='ltr'>impetu,</span> <span class='ocrx_word' id='word_1_93' title='bbox 711 960 785 1002; x_wconf 87' lang='lat' dir='ltr'>sed</span> <span class='ocrx_word' id='word_1_94' title='bbox 828 975 878 1002; x_wconf 79' lang='lat' dir='ltr'>ex</span> <span class='ocrx_word' id='word_1_95' title='bbox 920 961 1046 1002; x_wconf 85' lang='lat' dir='ltr'>domo</span> <span class='ocrx_word' id='word_1_96' title='bbox 1085 963 1214 1015; x_wconf 89' lang='lat' dir='ltr'>atque</span> <span class='ocrx_word' id='word_1_97' title='bbox 1253 975 1303 1002; x_wconf 80' lang='lat' dir='ltr'>ex</span> <span class='ocrx_word' id='word_1_98' title='bbox 1340 961 1517 1003; x_wconf 88' lang='lat' dir='ltr'>cohorte</span> 
     </span>
     <span class='ocr_line' id='line_1_18' title="bbox 177 1019 1517 1075; baseline 0 -14"><span class='ocrx_word' id='word_1_99' title='bbox 177 1020 394 1075; x_wconf 89' lang='lat' dir='ltr'>praetoria</span> <span class='ocrx_word' id='word_1_100' title='bbox 420 1034 594 1061; x_wconf 88' lang='lat' dir='ltr'>manum</span> <span class='ocrx_word' id='word_1_101' title='bbox 619 1019 904 1073; x_wconf 88' lang='lat' dir='ltr'>fugitivorum</span> <span class='ocrx_word' id='word_1_102' title='bbox 929 1019 1187 1061; x_wconf 85' lang='lat' dir='ltr'>instructam</span> <span class='ocrx_word' id='word_1_103' title='bbox 1220 1022 1517 1074; x_wconf 84' lang='lat' dir='ltr'>armatamque</span> 
     </span>
     <span class='ocr_line' id='line_1_19' title="bbox 177 1077 1518 1133; baseline 0 -13"><span class='ocrx_word' id='word_1_104' title='bbox 177 1079 356 1121; x_wconf 87' lang='lat' dir='ltr'>venisse.</span> <span class='ocrx_word' id='word_1_105' title='bbox 422 1077 562 1120; x_wconf 89' lang='lat' dir='ltr'>Nemo</span> <span class='ocrx_word' id='word_1_106' title='bbox 594 1077 827 1133; x_wconf 79' lang='lat' dir='ltr'>Agrigenti</span> <span class='ocrx_word' id='word_1_107' title='bbox 866 1092 1003 1132; x_wconf 92' lang='lat' dir='ltr'>neque</span> <span class='ocrx_word' id='word_1_108' title='bbox 1042 1080 1184 1119; x_wconf 90' lang='lat' dir='ltr'>aetate</span> <span class='ocrx_word' id='word_1_109' title='bbox 1221 1081 1312 1119; x_wconf 88' lang='lat' dir='ltr'>tam</span> <span class='ocrx_word' id='word_1_110' title='bbox 1350 1078 1518 1120; x_wconf 86' lang='lat' dir='ltr'>adfecta</span> 
     </span>
     <span class='ocr_line' id='line_1_20' title="bbox 176 1136 1618 1192; baseline -0.003 -13"><span class='ocrx_word' id='word_1_111' title='bbox 176 1152 313 1192; x_wconf 91' lang='lat' dir='ltr'>neque</span> <span class='ocrx_word' id='word_1_112' title='bbox 338 1137 503 1179; x_wconf 86' lang='lat' dir='ltr'>viribus</span> <span class='ocrx_word' id='word_1_113' title='bbox 529 1140 621 1178; x_wconf 89' lang='lat' dir='ltr'>tam</span> <span class='ocrx_word' id='word_1_114' title='bbox 646 1136 828 1177; x_wconf 87' lang='lat' dir='ltr'>infirmis</span> <span class='ocrx_word' id='word_1_115' title='bbox 853 1136 948 1190; x_wconf 83' lang='lat' dir='ltr'>fuit,</span> <span class='ocrx_word' id='word_1_116' title='bbox 982 1137 1054 1191; x_wconf 90' lang='lat' dir='ltr'>qui</span> <span class='ocrx_word' id='word_1_117' title='bbox 1084 1151 1171 1178; x_wconf 90' lang='lat' dir='ltr'>non</span> <span class='ocrx_word' id='word_1_118' title='bbox 1201 1137 1279 1178; x_wconf 88' lang='lat' dir='ltr'>illa</span> <span class='ocrx_word' id='word_1_119' title='bbox 1309 1140 1435 1179; x_wconf 90' lang='lat' dir='ltr'>nocte</span> <span class='ocrx_word' id='word_1_120' title='bbox 1467 1152 1516 1179; x_wconf 88' lang='lat' dir='ltr'>eo</span> <span class='ocrx_word' id='word_1_121' title='bbox 1538 1149 1571 1175; x_wconf 88' lang='lat'>15</span> <span class='ocrx_word' id='word_1_122' title='bbox 1613 1151 1618 1174; x_wconf 57' lang='grc' dir='ltr'>ιι</span> 
     </span>
     <span class='ocr_line' id='line_1_21' title="bbox 176 1195 1517 1250; baseline -0.001 -12"><span class='ocrx_word' id='word_1_123' title='bbox 176 1197 329 1238; x_wconf 91' lang='lat' dir='ltr'>nuntio</span> <span class='ocrx_word' id='word_1_124' title='bbox 356 1195 567 1237; x_wconf 87' lang='lat' dir='ltr'>excitatus</span> <span class='ocrx_word' id='word_1_125' title='bbox 595 1195 829 1236; x_wconf 81' lang='lat' dir='ltr'>surrexerit</span> <span class='ocrx_word' id='word_1_126' title='bbox 855 1195 1086 1249; x_wconf 88' lang='lat' dir='ltr'>telumque,</span> <span class='ocrx_word' id='word_1_127' title='bbox 1114 1195 1227 1249; x_wconf 91' lang='lat' dir='ltr'>quod</span> <span class='ocrx_word' id='word_1_128' title='bbox 1253 1195 1402 1250; x_wconf 90' lang='lat' dir='ltr'>cuique</span> <span class='ocrx_word' id='word_1_129' title='bbox 1428 1196 1517 1237; x_wconf 89' lang='lat' dir='ltr'>fors</span> 
     </span>
     <span class='ocr_line' id='line_1_22' title="bbox 178 1253 1518 1309; baseline -0.001 -12"><span class='ocrx_word' id='word_1_130' title='bbox 178 1255 399 1308; x_wconf 82' lang='lat' dir='ltr'>offerebat,</span> <span class='ocrx_word' id='word_1_131' title='bbox 431 1254 672 1309; x_wconf 86' lang='lat' dir='ltr'>arripuerit.</span> <span class='ocrx_word' id='word_1_132' title='bbox 726 1253 878 1308; x_wconf 87' lang='lat' dir='ltr'>Itaque</span> <span class='ocrx_word' id='word_1_133' title='bbox 910 1254 1030 1295; x_wconf 88' lang='lat' dir='ltr'>brevi</span> <span class='ocrx_word' id='word_1_134' title='bbox 1061 1257 1254 1308; x_wconf 87' lang='lat' dir='ltr'>tempore</span> <span class='ocrx_word' id='word_1_135' title='bbox 1286 1254 1340 1295; x_wconf 87' lang='lat' dir='ltr'>ad</span> <span class='ocrx_word' id='word_1_136' title='bbox 1369 1254 1518 1296; x_wconf 88' lang='lat' dir='ltr'>fanum</span> 
     </span>
     <span class='ocr_line' id='line_1_23' title="bbox 177 1312 1518 1367; baseline -0.001 -11"><span class='ocrx_word' id='word_1_137' title='bbox 177 1328 228 1356; x_wconf 84' lang='lat' dir='ltr'>ex</span> <span class='ocrx_word' id='word_1_138' title='bbox 253 1314 360 1355; x_wconf 88' lang='lat' dir='ltr'>urbe</span> <span class='ocrx_word' id='word_1_139' title='bbox 384 1315 479 1355; x_wconf 89' lang='lat' dir='ltr'>tota</span> <span class='ocrx_word' id='word_1_140' title='bbox 511 1312 791 1355; x_wconf 88' lang='lat' dir='ltr'>concurritur.</span> <span class='ocrx_word' id='word_1_141' title='bbox 841 1312 1007 1354; x_wconf 86' lang='lat' dir='ltr'>Horam</span> <span class='ocrx_word' id='word_1_142' title='bbox 1040 1313 1225 1367; x_wconf 87' lang='lat' dir='ltr'>amplius</span> <span class='ocrx_word' id='word_1_143' title='bbox 1257 1314 1344 1354; x_wconf 90' lang='lat' dir='ltr'>iam</span> <span class='ocrx_word' id='word_1_144' title='bbox 1375 1313 1420 1354; x_wconf 89' lang='lat' dir='ltr'>in</span> <span class='ocrx_word' id='word_1_145' title='bbox 1452 1314 1518 1355; x_wconf 89' lang='lat' dir='ltr'>de-</span> 
     </span>
     <span class='ocr_line' id='line_1_24' title="bbox 177 1371 1518 1427; baseline 0 -13"><span class='ocrx_word' id='word_1_146' title='bbox 177 1371 394 1414; x_wconf 88' lang='lat' dir='ltr'>moliendo</span> <span class='ocrx_word' id='word_1_147' title='bbox 433 1371 557 1427; x_wconf 91' lang='lat' dir='ltr'>signo</span> <span class='ocrx_word' id='word_1_148' title='bbox 595 1371 799 1426; x_wconf 88' lang='lat' dir='ltr'>permulti</span> <span class='ocrx_word' id='word_1_149' title='bbox 835 1371 1031 1412; x_wconf 88' lang='lat' dir='ltr'>homines</span> <span class='ocrx_word' id='word_1_150' title='bbox 1067 1371 1374 1426; x_wconf 80' lang='lat' dir='ltr'>moliebantur3</span> <span class='ocrx_word' id='word_1_151' title='bbox 1410 1372 1518 1414; x_wconf 89' lang='lat' dir='ltr'>illud</span> 
     </span>
     <span class='ocr_line' id='line_1_25' title="bbox 177 1430 1618 1484; baseline -0.003 -12"><span class='ocrx_word' id='word_1_152' title='bbox 177 1432 343 1472; x_wconf 88' lang='lat' dir='ltr'>interea</span> <span class='ocrx_word' id='word_1_153' title='bbox 390 1430 511 1471; x_wconf 91' lang='lat' dir='ltr'>nulla</span> <span class='ocrx_word' id='word_1_154' title='bbox 561 1430 740 1471; x_wconf 86' lang='lat' dir='ltr'>lababat</span> <span class='ocrx_word' id='word_1_155' title='bbox 783 1444 833 1471; x_wconf 85' lang='lat' dir='ltr'>ex</span> <span class='ocrx_word' id='word_1_156' title='bbox 876 1432 1018 1484; x_wconf 87' lang='lat' dir='ltr'>parte,</span> <span class='ocrx_word' id='word_1_157' title='bbox 1064 1445 1160 1472; x_wconf 88' lang='lat' dir='ltr'>cum</span> <span class='ocrx_word' id='word_1_158' title='bbox 1205 1430 1280 1471; x_wconf 90' lang='lat' dir='ltr'>alii</span> <span class='ocrx_word' id='word_1_159' title='bbox 1322 1431 1517 1473; x_wconf 88' lang='lat' dir='ltr'>vectibus</span> <span class='ocrx_word' id='word_1_160' title='bbox 1537 1444 1571 1469; x_wconf 82' lang='lat'>20</span> <span class='ocrx_word' id='word_1_161' title='bbox 1612 1444 1618 1468; x_wconf 73' lang='lat' dir='ltr'>n</span> 
     </span>
     <span class='ocr_line' id='line_1_26' title="bbox 178 1488 1518 1544; baseline 0 -13"><span class='ocrx_word' id='word_1_162' title='bbox 178 1488 384 1532; x_wconf 89' lang='lat' dir='ltr'>subiectis</span> <span class='ocrx_word' id='word_1_163' title='bbox 411 1491 668 1530; x_wconf 88' lang='lat' dir='ltr'>conarentur</span> <span class='ocrx_word' id='word_1_164' title='bbox 697 1503 975 1541; x_wconf 87' lang='lat' dir='ltr'>commovere,</span> <span class='ocrx_word' id='word_1_165' title='bbox 1008 1488 1084 1530; x_wconf 89' lang='lat' dir='ltr'>alii</span> <span class='ocrx_word' id='word_1_166' title='bbox 1116 1489 1353 1544; x_wconf 89' lang='lat' dir='ltr'>deligatum</span> <span class='ocrx_word' id='word_1_167' title='bbox 1386 1491 1518 1531; x_wconf 90' lang='lat' dir='ltr'>omni-</span> 
     </span>
     <span class='ocr_line' id='line_1_27' title="bbox 177 1547 1518 1605; baseline 0 -15"><span class='ocrx_word' id='word_1_168' title='bbox 177 1549 258 1590; x_wconf 89' lang='lat' dir='ltr'>bus</span> <span class='ocrx_word' id='word_1_169' title='bbox 294 1547 500 1589; x_wconf 88' lang='lat' dir='ltr'>membris</span> <span class='ocrx_word' id='word_1_170' title='bbox 532 1561 682 1601; x_wconf 87' lang='lat' dir='ltr'>rapere</span> <span class='ocrx_word' id='word_1_171' title='bbox 715 1548 768 1588; x_wconf 89' lang='lat' dir='ltr'>ad</span> <span class='ocrx_word' id='word_1_172' title='bbox 800 1561 843 1588; x_wconf 91' lang='lat' dir='ltr'>se</span> <span class='ocrx_word' id='word_1_173' title='bbox 875 1547 1066 1589; x_wconf 86' lang='lat' dir='ltr'>funibus:</span> <span class='ocrx_word' id='word_1_174' title='bbox 1106 1562 1155 1590; x_wconf 90' lang='lat' dir='ltr'>ac</span> <span class='ocrx_word' id='word_1_175' title='bbox 1186 1551 1361 1603; x_wconf 88' lang='lat' dir='ltr'>repente</span> <span class='ocrx_word' id='word_1_176' title='bbox 1393 1548 1518 1605; x_wconf 87' lang='lat' dir='ltr'>Agri-</span> 
     </span>
     <span class='ocr_line' id='line_1_28' title="bbox 179 1605 1518 1662; baseline 0.001 -14"><span class='ocrx_word' id='word_1_177' title='bbox 179 1606 345 1662; x_wconf 89' lang='lat' dir='ltr'>gentini</span> <span class='ocrx_word' id='word_1_178' title='bbox 374 1608 650 1659; x_wconf 84' lang='lat' dir='ltr'>concurrunt3</span> <span class='ocrx_word' id='word_1_179' title='bbox 681 1605 732 1647; x_wconf 89' lang='lat' dir='ltr'>fit</span> <span class='ocrx_word' id='word_1_180' title='bbox 764 1620 922 1662; x_wconf 88' lang='lat' dir='ltr'>magna</span> <span class='ocrx_word' id='word_1_181' title='bbox 954 1606 1181 1661; x_wconf 82' lang='lat' dir='ltr'>lapidati03</span> <span class='ocrx_word' id='word_1_182' title='bbox 1215 1607 1319 1648; x_wconf 90' lang='lat' dir='ltr'>dant</span> <span class='ocrx_word' id='word_1_183' title='bbox 1350 1621 1442 1649; x_wconf 85' lang='lat' dir='ltr'>sese</span> <span class='ocrx_word' id='word_1_184' title='bbox 1473 1608 1518 1650; x_wconf 91' lang='lat' dir='ltr'>in</span> 
     </span>
     <span class='ocr_line' id='line_1_29' title="bbox 178 1664 1517 1721; baseline 0.001 -14"><span class='ocrx_word' id='word_1_185' title='bbox 178 1666 327 1721; x_wconf 82' lang='lat' dir='ltr'>fugam</span> <span class='ocrx_word' id='word_1_186' title='bbox 371 1665 497 1706; x_wconf 88' lang='lat' dir='ltr'>istius</span> <span class='ocrx_word' id='word_1_187' title='bbox 541 1664 753 1719; x_wconf 88' lang='lat' dir='ltr'>praeclari</span> <span class='ocrx_word' id='word_1_188' title='bbox 795 1665 1072 1720; x_wconf 88' lang='lat' dir='ltr'>imperatoris</span> <span class='ocrx_word' id='word_1_189' title='bbox 1109 1666 1309 1707; x_wconf 90' lang='lat' dir='ltr'>nocturni</span> <span class='ocrx_word' id='word_1_190' title='bbox 1346 1666 1517 1708; x_wconf 89' lang='lat' dir='ltr'>milites.</span> 
     </span>
     <span class='ocr_line' id='line_1_30' title="bbox 176 1697 1618 1814; baseline 0.001 -48"><span class='ocrx_word' id='word_1_191' title='bbox 176 1724 274 1766; x_wconf 92' lang='lat' dir='ltr'>Duo</span> <span class='ocrx_word' id='word_1_192' title='bbox 324 1726 472 1765; x_wconf 89' lang='lat' dir='ltr'>tamen</span> <span class='ocrx_word' id='word_1_193' title='bbox 520 1723 668 1779; x_wconf 91' lang='lat' dir='ltr'>sigilla</span> <span class='ocrx_word' id='word_1_194' title='bbox 716 1724 973 1778; x_wconf 89' lang='lat' dir='ltr'>perparvola</span> <span class='ocrx_word' id='word_1_195' title='bbox 1018 1724 1198 1779; x_wconf 88' lang='lat' dir='ltr'>tollunt,</span> <span class='ocrx_word' id='word_1_196' title='bbox 1247 1739 1300 1766; x_wconf 90' lang='lat' dir='ltr'>ne</span> <span class='ocrx_word' id='word_1_197' title='bbox 1344 1726 1516 1768; x_wconf 78' lang='lat' dir='ltr'>omnino</span> <span class='ocrx_word' id='word_1_198' title='bbox 1538 1736 1570 1763; x_wconf 87' lang='lat'>25</span> <span class='ocrx_word' id='word_1_199' title='bbox 1602 1697 1618 1814; x_wconf 50' lang='lat'><em>†</em></span> 
     </span>
     <span class='ocr_line' id='line_1_31' title="bbox 177 1782 1606 1838; baseline 0.001 -15"><span class='ocrx_word' id='word_1_200' title='bbox 177 1783 327 1824; x_wconf 88' lang='lat' dir='ltr'>inanes</span> <span class='ocrx_word' id='word_1_201' title='bbox 371 1782 425 1824; x_wconf 87' lang='lat' dir='ltr'>ad</span> <span class='ocrx_word' id='word_1_202' title='bbox 467 1782 600 1823; x_wconf 86' lang='lat' dir='ltr'>istum</span> <span class='ocrx_word' id='word_1_203' title='bbox 643 1782 902 1837; x_wconf 85' lang='lat' dir='ltr'>praedonem</span> <span class='ocrx_word' id='word_1_204' title='bbox 940 1782 1198 1838; x_wconf 84' lang='lat' dir='ltr'>religionum</span> <span class='ocrx_word' id='word_1_205' title='bbox 1235 1786 1518 1826; x_wconf 84' lang='lat' dir='ltr'>revertantur.</span> <span class='ocrx_word' id='word_1_206' title='bbox 1597 1782 1606 1824; x_wconf 55' lang='lat' dir='ltr'>l,</span> 
     </span>
     <span class='ocr_line' id='line_1_32' title="bbox 177 1839 1518 1896; baseline 0.001 -13"><span class='ocrx_word' id='word_1_207' title='bbox 177 1841 428 1896; x_wconf 88' lang='lat' dir='ltr'>Numquam</span> <span class='ocrx_word' id='word_1_208' title='bbox 465 1843 556 1882; x_wconf 91' lang='lat' dir='ltr'>tam</span> <span class='ocrx_word' id='word_1_209' title='bbox 594 1841 706 1882; x_wconf 88' lang='lat' dir='ltr'>male</span> <span class='ocrx_word' id='word_1_210' title='bbox 744 1843 810 1882; x_wconf 88' lang='lat' dir='ltr'>est</span> <span class='ocrx_word' id='word_1_211' title='bbox 842 1839 1012 1895; x_wconf 77' lang='lat' dir='ltr'>Siculis,</span> <span class='ocrx_word' id='word_1_212' title='bbox 1050 1841 1152 1896; x_wconf 89' lang='lat' dir='ltr'>quin</span> <span class='ocrx_word' id='word_1_213' title='bbox 1188 1841 1349 1896; x_wconf 90' lang='lat' dir='ltr'>aliquid</span> <span class='ocrx_word' id='word_1_214' title='bbox 1381 1843 1518 1885; x_wconf 88' lang='lat' dir='ltr'>facete</span> 
     </span>
     <span class='ocr_line' id='line_1_33' title="bbox 178 1899 1599 1953; baseline 0.001 -11"><span class='ocrx_word' id='word_1_215' title='bbox 178 1902 222 1942; x_wconf 88' lang='lat' dir='ltr'>et</span> <span class='ocrx_word' id='word_1_216' title='bbox 247 1899 469 1942; x_wconf 88' lang='lat' dir='ltr'>commode</span> <span class='ocrx_word' id='word_1_217' title='bbox 495 1899 651 1953; x_wconf 89' lang='lat' dir='ltr'>dicant,</span> <span class='ocrx_word' id='word_1_218' title='bbox 682 1899 802 1941; x_wconf 85' lang='lat' dir='ltr'>velut</span> <span class='ocrx_word' id='word_1_219' title='bbox 827 1899 873 1940; x_wconf 90' lang='lat' dir='ltr'>in</span> <span class='ocrx_word' id='word_1_220' title='bbox 898 1900 978 1942; x_wconf 91' lang='lat' dir='ltr'>hac</span> <span class='ocrx_word' id='word_1_221' title='bbox 1003 1914 1048 1941; x_wconf 93' lang='lat' dir='ltr'>re</span> <span class='ocrx_word' id='word_1_222' title='bbox 1075 1900 1249 1942; x_wconf 87' lang='lat' dir='ltr'>aiebant</span> <span class='ocrx_word' id='word_1_223' title='bbox 1272 1901 1317 1942; x_wconf 88' lang='lat' dir='ltr'>in</span> <span class='ocrx_word' id='word_1_224' title='bbox 1348 1902 1517 1944; x_wconf 87' lang='lat' dir='ltr'>labores</span> <span class='ocrx_word' id='word_1_225' title='bbox 1598 1936 1599 1939; x_wconf 18' lang='grc' dir='ltr'>η</span> 
     </span>
     <span class='ocr_line' id='line_1_34' title="bbox 176 1945 1600 2015; baseline 0.003 -16"><span class='ocrx_word' id='word_1_226' title='bbox 176 1958 378 2000; x_wconf 88' lang='lat' dir='ltr'>Herculis</span> <span class='ocrx_word' id='word_1_227' title='bbox 397 1972 485 2000; x_wconf 93' lang='lat' dir='ltr'>non</span> <span class='ocrx_word' id='word_1_228' title='bbox 505 1958 646 2000; x_wconf 90' lang='lat' dir='ltr'>minus</span> <span class='ocrx_word' id='word_1_229' title='bbox 671 1958 784 2000; x_wconf 91' lang='lat' dir='ltr'>hunc</span> <span class='ocrx_word' id='word_1_230' title='bbox 809 1958 1169 2000; x_wconf 86' lang='lat' dir='ltr'>immanissimum</span> <span class='ocrx_word' id='word_1_231' title='bbox 1195 1974 1362 2001; x_wconf 83' lang='lat' dir='ltr'>verrem</span> <span class='ocrx_word' id='word_1_232' title='bbox 1389 1975 1517 2015; x_wconf 89' lang='lat' dir='ltr'>quam</span> <span class='ocrx_word' id='word_1_233' title='bbox 1592 1945 1600 1984; x_wconf 36' lang='grc' dir='ltr'>’ἶ</span> 
     </span>
     <span class='ocr_line' id='line_1_35' title="bbox 177 1987 1618 2072; baseline -0.001 -14"><span class='ocrx_word' id='word_1_234' title='bbox 177 2017 303 2059; x_wconf 88' lang='lat' dir='ltr'>illum</span> <span class='ocrx_word' id='word_1_235' title='bbox 335 2031 487 2072; x_wconf 90' lang='lat' dir='ltr'>aprum</span> <span class='ocrx_word' id='word_1_236' title='bbox 519 2016 854 2071; x_wconf 85' lang='lat' dir='ltr'>Erymanthium</span> <span class='ocrx_word' id='word_1_237' title='bbox 886 2017 1037 2059; x_wconf 88' lang='lat' dir='ltr'>referri</span> <span class='ocrx_word' id='word_1_238' title='bbox 1069 2021 1279 2072; x_wconf 88' lang='lat' dir='ltr'>oportere.</span> <span class='ocrx_word' id='word_1_239' title='bbox 1538 2030 1571 2057; x_wconf 83' lang='lat'>30</span> <span class='ocrx_word' id='word_1_240' title='bbox 1598 1987 1618 2059; x_wconf 55' lang='lat' dir='ltr'>il</span> 
     </span>
     <span class='ocr_line' id='line_1_36' title="bbox 267 2075 1518 2132; baseline 0.002 -15"><span class='ocrx_word' id='word_1_241' title='bbox 267 2075 391 2117; x_wconf 89' lang='lat' dir='ltr'>Hanc</span> <span class='ocrx_word' id='word_1_242' title='bbox 421 2075 628 2117; x_wconf 87' lang='lat' dir='ltr'>virtutem</span> <span class='ocrx_word' id='word_1_243' title='bbox 648 2075 1036 2132; x_wconf 85' lang='lat' dir='ltr'>Agrigentinorum</span> <span class='ocrx_word' id='word_1_244' title='bbox 1068 2076 1229 2119; x_wconf 88' lang='lat' dir='ltr'>imitati</span> <span class='ocrx_word' id='word_1_245' title='bbox 1261 2080 1361 2119; x_wconf 89' lang='lat' dir='ltr'>sunt</span> <span class='ocrx_word' id='word_1_246' title='bbox 1386 2077 1518 2120; x_wconf 90' lang='lat' dir='ltr'>Asso-</span> 
     </span>
     <span class='ocr_line' id='line_1_37' title="bbox 178 2134 1517 2191; baseline 0.002 -16"><span class='ocrx_word' id='word_1_247' title='bbox 178 2134 262 2176; x_wconf 87' lang='lat' dir='ltr'>rini</span> <span class='ocrx_word' id='word_1_248' title='bbox 293 2136 463 2189; x_wconf 88' lang='lat' dir='ltr'>postea,</span> <span class='ocrx_word' id='word_1_249' title='bbox 500 2134 582 2176; x_wconf 86' lang='lat' dir='ltr'>viri</span> <span class='ocrx_word' id='word_1_250' title='bbox 613 2134 749 2176; x_wconf 87' lang='lat' dir='ltr'>fortes</span> <span class='ocrx_word' id='word_1_251' title='bbox 781 2137 825 2176; x_wconf 91' lang='lat' dir='ltr'>et</span> <span class='ocrx_word' id='word_1_252' title='bbox 855 2135 1020 2189; x_wconf 88' lang='lat' dir='ltr'>fideles,</span> <span class='ocrx_word' id='word_1_253' title='bbox 1060 2136 1133 2177; x_wconf 89' lang='lat' dir='ltr'>sed</span> <span class='ocrx_word' id='word_1_254' title='bbox 1163 2151 1435 2191; x_wconf 90' lang='lat' dir='ltr'>nequaquam</span> <span class='ocrx_word' id='word_1_255' title='bbox 1468 2152 1517 2179; x_wconf 83' lang='lat' dir='ltr'>ex</span> 
     </span>
     <span class='ocr_line' id='line_1_38' title="bbox 178 2194 1519 2249; baseline 0.002 -15"><span class='ocrx_word' id='word_1_256' title='bbox 178 2196 270 2235; x_wconf 90' lang='lat' dir='ltr'>tam</span> <span class='ocrx_word' id='word_1_257' title='bbox 296 2194 442 2248; x_wconf 89' lang='lat' dir='ltr'>ampla</span> <span class='ocrx_word' id='word_1_258' title='bbox 466 2208 603 2248; x_wconf 89' lang='lat' dir='ltr'>neque</span> <span class='ocrx_word' id='word_1_259' title='bbox 629 2196 720 2235; x_wconf 90' lang='lat' dir='ltr'>tam</span> <span class='ocrx_word' id='word_1_260' title='bbox 753 2208 803 2235; x_wconf 84' lang='lat' dir='ltr'>ex</span> <span class='ocrx_word' id='word_1_261' title='bbox 834 2194 971 2236; x_wconf 92' lang='lat' dir='ltr'>nobili</span> <span class='ocrx_word' id='word_1_262' title='bbox 1003 2194 1189 2237; x_wconf 86' lang='lat' dir='ltr'>civitate.</span> <span class='ocrx_word' id='word_1_263' title='bbox 1233 2194 1421 2249; x_wconf 83' lang='lat' dir='ltr'>Chrysas</span> <span class='ocrx_word' id='word_1_264' title='bbox 1454 2198 1519 2237; x_wconf 90' lang='lat' dir='ltr'>est</span> 
     </span>
     <span class='ocr_line' id='line_1_39' title="bbox 179 2251 1517 2309; baseline 0.002 -16"><span class='ocrx_word' id='word_1_265' title='bbox 179 2251 331 2306; x_wconf 85' lang='lat' dir='ltr'>amnis,</span> <span class='ocrx_word' id='word_1_266' title='bbox 364 2251 436 2307; x_wconf 93' lang='lat' dir='ltr'>qui</span> <span class='ocrx_word' id='word_1_267' title='bbox 462 2266 538 2307; x_wconf 91' lang='lat' dir='ltr'>per</span> <span class='ocrx_word' id='word_1_268' title='bbox 558 2251 867 2294; x_wconf 87' lang='lat' dir='ltr'>Assorinorum</span> <span class='ocrx_word' id='word_1_269' title='bbox 894 2267 1022 2309; x_wconf 88' lang='lat' dir='ltr'>agros</span> <span class='ocrx_word' id='word_1_270' title='bbox 1048 2253 1154 2295; x_wconf 90' lang='lat' dir='ltr'>fluit.</span> <span class='ocrx_word' id='word_1_271' title='bbox 1204 2254 1247 2295; x_wconf 88' lang='lat' dir='ltr'>Is</span> <span class='ocrx_word' id='word_1_272' title='bbox 1274 2254 1387 2308; x_wconf 88' lang='lat' dir='ltr'>apud</span> <span class='ocrx_word' id='word_1_273' title='bbox 1418 2255 1517 2297; x_wconf 91' lang='lat' dir='ltr'>illos</span> 
     </span>
     <span class='ocr_line' id='line_1_40' title="bbox 179 2310 1569 2367; baseline 0.002 -15"><span class='ocrx_word' id='word_1_274' title='bbox 179 2310 365 2352; x_wconf 90' lang='lat' dir='ltr'>habetur</span> <span class='ocrx_word' id='word_1_275' title='bbox 408 2310 510 2352; x_wconf 89' lang='lat' dir='ltr'>deus</span> <span class='ocrx_word' id='word_1_276' title='bbox 556 2313 598 2353; x_wconf 92' lang='lat' dir='ltr'>et</span> <span class='ocrx_word' id='word_1_277' title='bbox 641 2311 850 2367; x_wconf 87' lang='lat' dir='ltr'>religione</span> <span class='ocrx_word' id='word_1_278' title='bbox 894 2312 1082 2354; x_wconf 83' lang='lat' dir='ltr'>maxima</span> <span class='ocrx_word' id='word_1_279' title='bbox 1120 2312 1286 2354; x_wconf 88' lang='lat' dir='ltr'>colitur.</span> <span class='ocrx_word' id='word_1_280' title='bbox 1353 2312 1519 2355; x_wconf 90' lang='lat' dir='ltr'>Fanum</span> <span class='ocrx_word' id='word_1_281' title='bbox 1537 2323 1569 2351; x_wconf 80' lang='lat'>³5</span> 
     </span>
     <span class='ocr_line' id='line_1_41' title="bbox 180 2369 1518 2426; baseline 0.003 -16"><span class='ocrx_word' id='word_1_282' title='bbox 180 2369 269 2411; x_wconf 88' lang='lat' dir='ltr'>eius</span> <span class='ocrx_word' id='word_1_283' title='bbox 315 2372 381 2411; x_wconf 90' lang='lat' dir='ltr'>est</span> <span class='ocrx_word' id='word_1_284' title='bbox 423 2369 469 2411; x_wconf 93' lang='lat' dir='ltr'>in</span> <span class='ocrx_word' id='word_1_285' title='bbox 513 2384 618 2426; x_wconf 90' lang='lat' dir='ltr'>agro</span> <span class='ocrx_word' id='word_1_286' title='bbox 661 2373 840 2425; x_wconf 90' lang='lat' dir='ltr'>propter</span> <span class='ocrx_word' id='word_1_287' title='bbox 877 2370 1017 2426; x_wconf 86' lang='lat' dir='ltr'>ipsam</span> <span class='ocrx_word' id='word_1_288' title='bbox 1054 2370 1188 2425; x_wconf 91' lang='lat' dir='ltr'>viam,</span> <span class='ocrx_word' id='word_1_289' title='bbox 1233 2386 1317 2426; x_wconf 89' lang='lat' dir='ltr'>qua</span> <span class='ocrx_word' id='word_1_290' title='bbox 1355 2371 1518 2414; x_wconf 89' lang='lat' dir='ltr'>Assoro</span> 
     </span>
     <span class='ocr_line' id='line_1_42' title="bbox 178 2427 1518 2486; baseline 0.003 -17"><span class='ocrx_word' id='word_1_291' title='bbox 178 2427 267 2469; x_wconf 78' lang='lat' dir='ltr'>itur</span> <span class='ocrx_word' id='word_1_292' title='bbox 304 2428 512 2471; x_wconf 88' lang='lat' dir='ltr'>Hennam.</span> <span class='ocrx_word' id='word_1_293' title='bbox 574 2428 627 2470; x_wconf 88' lang='lat' dir='ltr'>In</span> <span class='ocrx_word' id='word_1_294' title='bbox 664 2443 713 2471; x_wconf 87' lang='lat' dir='ltr'>eo</span> <span class='ocrx_word' id='word_1_295' title='bbox 753 2427 944 2483; x_wconf 87' lang='lat' dir='ltr'>Chrysae</span> <span class='ocrx_word' id='word_1_296' title='bbox 983 2429 1259 2471; x_wconf 87' lang='lat' dir='ltr'>simulacrum</span> <span class='ocrx_word' id='word_1_297' title='bbox 1298 2433 1363 2472; x_wconf 87' lang='lat' dir='ltr'>est</span> <span class='ocrx_word' id='word_1_298' title='bbox 1400 2446 1518 2486; x_wconf 88' lang='lat' dir='ltr'>prae-</span> 
     </span>
    </p>
   </div>
   <div class='ocr_carea' id='block_1_6' title="bbox 1591 1664 1598 2543">
    <p class='ocr_par' dir='ltr' id='par_1_6' title="bbox 1591 1664 1598 2543">
     <span class='ocr_line' id='line_1_43' title="bbox 1591 1664 1598 2543; baseline 0 0"><span class='ocrx_word' id='word_1_299' title='bbox 1591 1664 1598 2543; x_wconf 95' lang='lat' dir='ltr'> </span> 
     </span>
    </p>
   </div>
  </div>
 </body>
</html>
