1618 2584
101 976 143 1007 90

100 1533 135 1571 4
149 1539 154 1566 J

101 1585 180 1615 91.

102 2204 143 2234 92

172 225 257 266 306
568 224 617 257 IN
646 223 682 257 C.
709 223 912 258 VERREM
938 223 1041 258 ACT.
1068 224 1111 257 Π.

172 321 493 361 lesrmomrn
520 331 761 361 PUBLICUM.
813 318 880 359 Ab
907 319 987 360 hac
1014 319 1159 360 eadem
1192 319 1366 360 civitate
1399 334 1511 360 anno

173 380 356 420 secundo
385 379 517 419 simili
543 378 710 418 ratione
738 380 950 418 extortam
976 392 1067 417 esse
1094 378 1317 431 pecuniam
1351 380 1392 418 et
1419 377 1510 418 Sex.

171 437 395 478 Vennonio
424 438 568 477 datam
597 451 644 476 ex
672 436 819 476 eodem
846 436 1093 476 testimonio
1127 436 1401 491 cognovistis.
1452 437 1511 477 At

175 496 508 547 Amestratinos,
552 495 747 535 homines
792 494 950 547 tenuis,
995 509 1090 535 cum
1128 509 1272 535 eorum
1313 495 1510 535 decumas

174 555 396 595 medimnis
423 565 541 594 DCCC
575 553 835 594 vendidisses
870 553 1091 594 Bariobali
1117 552 1300 594 Venerio
1335 552 1507 608 (cogno-

174 615 276 655 scite
315 612 490 653 nomina
528 611 873 667 publicanorum)
912 636 968 640 ——
1007 611 1124 666 cogis
1164 626 1235 652 eos
1274 612 1370 665 plus
1404 613 1511 653 lucri

173 672 337 721 addere,
370 686 497 724 quam
526 671 675 724 quanti
701 671 932 722 venierant,
966 685 1059 710 cum
1093 684 1250 724 magno
1283 671 1508 711 venissent.

171 731 289 770 Dant
327 729 548 770 Bariobali
594 729 807 769 medimna
850 740 1018 781 DCCCL,
1063 728 1135 768 Hs
1170 741 1248 769 MD.
1310 728 1510 770 Profecto

171 803 404 842 numquam
439 788 521 828 iste
553 790 643 828 tam
678 802 822 828 amens
855 788 1024 840 fuisset,
1063 790 1110 827 ut
1143 802 1191 828 ex
1226 801 1329 842 agro
1363 787 1511 841 populi

171 847 355 888 Romani
399 847 496 900 plus
540 846 745 886 frumenti
789 861 911 887 servo
949 846 1132 887 Venerio
1179 861 1305 900 quam
1351 847 1509 900 populo

171 906 367 946 Romano
401 905 533 945 tribui
566 908 803 959 pateretur,
840 905 922 945 nisi
957 905 1094 945 omnis
1128 919 1177 945 ea
1209 905 1367 957 praeda
1400 905 1510 945 servi

170 964 341 1005 nomine
364 964 416 1005 ad
436 964 566 1004 istum
588 964 729 1017 ipsum
751 963 1003 1016 perveniret.
1048 963 1222 1015 Petrini,
1249 978 1343 1004 cum
1366 978 1511 1003 eorum

172 1023 372 1063 decumae
406 1037 562 1076 magno
597 1022 789 1063 addictae
822 1024 978 1072 essent,
1010 1024 1155 1062 tamen
1186 1021 1435 1062 invitissimi
1466 1022 1511 1063 P.

170 1080 335 1122 Naevio
363 1081 581 1134 Turpioni,
607 1080 771 1122 homini
798 1080 1131 1134 improbissimo,
1160 1080 1231 1133 qui
1258 1080 1509 1121 iniuriarum

173 1140 401 1181 Sacerdote
431 1142 628 1194 praetore
661 1139 887 1179 damnatus
922 1141 1004 1192 est,
1036 1137 1107 1179 HS
1140 1141 1208 1178 “1111
1241 1139 1340 1179 dare
1374 1139 1509 1180 coacti

172 1202 281 1239 sunt.
351 1198 473 1239 Itane
508 1198 724 1239 *dissolute
770 1198 967 1238 decumas
1012 1197 1259 1251 vendidisti,
1306 1200 1371 1250 ut,
1415 1212 1510 1239 cum

171 1260 283 1298 esset
328 1257 588 1298 medimnum
628 1255 700 1296 HS
738 1269 817 1309 XV,
862 1256 1079 1297 venissent
1124 1260 1266 1296 autem
1311 1256 1510 1297 decumae

171 1316 431 1356 medimnum
469 1318 536 1368 isi,
580 1316 660 1356 hoc
702 1318 767 1355 est
804 1313 876 1355 HS
915 1316 1088 1367 ΧΧῖΧῨ,
1131 1315 1239 1355 lucri
1278 1315 1509 1356 decumano

170 1374 241 1415 HS
275 1376 335 1415 1Ῑῇ
380 1375 611 1415 darentur?
680 1374 738 1414 At
777 1388 952 1428 pe1·ma‹
947 1388 1010 1414 110
1051 1373 1248 1413 decumas
1288 1373 1376 1414 eius
1416 1374 1510 1428 agri

170 1433 410 1474 vendidisti.
471 1432 682 1473 Videlicet
727 1432 939 1486 gloriatur
976 1447 1062 1473 non
1100 1432 1307 1485 Turpioni
1345 1432 1509 1473 lucrum

171 1493 319 1532 datum
353 1506 462 1543 esse,
495 1492 569 1531 sed
600 1490 785 1531 Petrinis
818 1491 1042 1544 pecuniam
1075 1494 1278 1544 ereptam.

260 1550 397 1599 Quid?
448 1549 741 1602 Halicyenses,
774 1564 953 1602 quorum
980 1550 1145 1590 incolae
1172 1549 1369 1590 decumas
1396 1550 1510 1602 dant,

170 1610 253 1662 ipsi
275 1623 401 1664 agros
422 1609 632 1649 immunes
657 1608 829 1661 liabent,
855 1623 993 1649 nonne
1015 1608 1112 1648 huic
1134 1608 1269 1648 eidem
1290 1608 1377 1648 Tur
1380 1608 1509 1662 pioni

170 1683 264 1709 cum
308 1669 506 1708 decumae
541 1678 565 1708 C
608 1667 714 1707 med.
748 1642 981 1721 veriissent,
1026 1665 1097 1707 HS
1136 1669 1197 1707 ἷν
1236 1666 1335 1708 dare
1374 1667 1510 1708 coacti

170 1727 298 1767 srmt‘?
351 1726 394 1767 Si
426 1726 486 1780 id,
520 1726 632 1779 quod
664 1726 846 1766 maxime
878 1726 960 1778 vis,
993 1740 1140 1779 posses
1173 1726 1373 1779 probare,
1405 1725 1509 1766 haec
1530 1743 1543 1761 ι

171 1786 223 1826 ad
251 1786 506 1826 decumanos
537 1786 655 1826 lucra
687 1785 870 1837 venisse,
902 1784 1010 1824 nihil
1042 1787 1084 1824 te
1118 1784 1333 1838 attigisse,
1365 1786 1509 1824 tamen

169 1844 249 1884 hae
294 1844 498 1897 pecuniae
542 1858 618 1897 per
662 1843 748 1883 vim
794 1845 921 1896 atque
962 1842 1161 1883 iniuriam
1201 1846 1319 1883 tuam
1359 1846 1509 1896 captae

172 1904 249 1953 [ct]
273 1902 522 1942 conciliatae
543 1902 623 1942 tibi
644 1901 783 1942 fraudi
804 1916 851 1941 ac
879 1901 1143 1942 damnationi
1171 1915 1261 1941 esse
1289 1901 1509 1954 deberent3

171 1976 265 2001 cum
294 1975 393 2001 vero
421 1960 501 2001 hoc
527 1960 687 2000 nemini
714 1960 967 2013 persuadere
994 1960 1146 2013 possis,
1177 1962 1220 2000 te
1248 1962 1335 2000 tam
1370 1975 1508 2000 amen-

171 2023 257 2059 tem
297 2019 447 2072 fuisse,
492 2021 540 2059 ut
571 2018 811 2072 Apronium
850 2021 892 2059 et
930 2019 1209 2072 Turpionem,
1254 2033 1398 2059 servos
1437 2019 1509 2059 ho-

174 2078 324 2131 mines,
369 2080 443 2118 tuo
482 2078 749 2131 liberumque
789 2080 960 2117 tuorum
999 2077 1187 2130 periculo
1228 2077 1380 2117 divites
1417 2077 1510 2117 fieri

172 2137 322 2190 velles,
368 2136 663 2177 dubitaturum
707 2151 962 2189 quemquam
1001 2136 1237 2187 existimas,
1283 2135 1383 2188 quin
1423 2136 1508 2176 illis

174 2195 406 2236 emissariis
438 2195 542 2236 haec
574 2195 655 2235 tibi
689 2195 826 2235 omnis
859 2194 1038 2248 pecunia
1070 2194 1264 2248 quaesita
1296 2194 1380 2234 sit‘?
1438 2193 1509 2234 Se-

172 2256 338 2308 gestam
382 2254 486 2295 item
529 2254 582 2294 ad
619 2254 852 2293 immunem
892 2253 1109 2295 civitatem
1142 2252 1349 2293 Venerius
1389 2251 1509 2306 Sym-

172 2313 347 2353 machus
397 2313 653 2353 decumanus
698 2312 960 2352 immittitur.
1027 2311 1069 2352 Is
1114 2311 1166 2351 ab
1211 2311 1295 2351 isto
1340 2311 1508 2352 litteras

173 2372 315 2424 affert,
348 2374 396 2411 ut
426 2371 507 2411 sibi
541 2373 690 2411 contra
723 2371 865 2411 omnia
897 2372 1070 2411 senatus
1103 2370 1299 2410 consulta
1334 2371 1510 2423 [,contra

174 2430 316 2469 omnia
354 2430 465 2481 iura]
507 2432 739 2483 contraque
778 2430 916 2484 legem
954 2428 1173 2481 Rupiliam
1213 2430 1333 2468 extra
1372 2429 1509 2469 forum

1529 2311 1579 2347 35³
