<?xml version="1.0" encoding="UTF-8"?>
<!DOCTYPE html PUBLIC "-//W3C//DTD XHTML 1.0 Transitional//EN"
    "http://www.w3.org/TR/xhtml1/DTD/xhtml1-transitional.dtd">
<html xmlns="http://www.w3.org/1999/xhtml" xml:lang="en" lang="en">
 <head>
  <title>
</title>
<meta http-equiv="Content-Type" content="text/html;charset=utf-8" />
  <meta name='ocr-system' content='tesseract 3.04.00' />
  <meta name='ocr-capabilities' content='ocr_page ocr_carea ocr_par ocr_line ocrx_word'/>
</head>
<body>
  <div class='ocr_page' id='page_1' title='image "./p1scriptaquaemanse02ciceuoft_0577.png"; bbox 0 0 1618 2584; ppageno 0'>
   <div class='ocr_carea' id='block_1_1' title="bbox 371 269 1368 312">
    <p class='ocr_par' dir='ltr' id='par_1_1' title="bbox 371 269 1368 312">
     <span class='ocr_line' id='line_1_1' title="bbox 371 269 1368 312; baseline 0.008 -10"><span class='ocrx_word' id='word_1_1' title='bbox 371 269 459 303; x_wconf 70' lang='grc' dir='ltr'>ΜΒ.</span> <span class='ocrx_word' id='word_1_2' title='bbox 481 269 513 303; x_wconf 84' lang='lat' dir='ltr'><strong>V</strong></span> <span class='ocrx_word' id='word_1_3' title='bbox 558 270 657 305; x_wconf 66' lang='lat' dir='ltr'><strong>CAI’.</strong></span> <span class='ocrx_word' id='word_1_4' title='bbox 679 274 739 303; x_wconf 65' lang='grc'>31</span> <span class='ocrx_word' id='word_1_5' title='bbox 756 274 816 304; x_wconf 84' lang='lat'>-36</span> <span class='ocrx_word' id='word_1_6' title='bbox 843 274 861 312; x_wconf 67' lang='lat' dir='ltr'><strong>g</strong></span> <span class='ocrx_word' id='word_1_7' title='bbox 887 273 1035 306; x_wconf 76' lang='grc'>89--95,</span> <span class='ocrx_word' id='word_1_8' title='bbox 1282 271 1368 312; x_wconf 81' lang='grc'>463</span> 
     </span>
    </p>
   </div>
   <div class='ocr_carea' id='block_1_2' title="bbox 0 364 1438 2526">
    <p class='ocr_par' dir='ltr' id='par_1_2' title="bbox 0 364 1438 887">
     <span class='ocr_line' id='line_1_2' title="bbox 28 364 1438 420; baseline 0.001 -15"><span class='ocrx_word' id='word_1_9' title='bbox 28 364 247 406; x_wconf 88' lang='lat' dir='ltr'>hominem</span> <span class='ocrx_word' id='word_1_10' title='bbox 296 364 341 405; x_wconf 90' lang='lat' dir='ltr'>in</span> <span class='ocrx_word' id='word_1_11' title='bbox 392 365 518 406; x_wconf 85' lang='lat' dir='ltr'>malis</span> <span class='ocrx_word' id='word_1_12' title='bbox 562 368 720 419; x_wconf 88' lang='lat' dir='ltr'>posset.</span> <span class='ocrx_word' id='word_1_13' title='bbox 788 365 925 407; x_wconf 88' lang='lat' dir='ltr'>Huius</span> <span class='ocrx_word' id='word_1_14' title='bbox 970 367 1115 406; x_wconf 77' lang='lat' dir='ltr'>autem</span> <span class='ocrx_word' id='word_1_15' title='bbox 1158 367 1367 420; x_wconf 80' lang='lat' dir='ltr'>praeclari</span> <span class='ocrx_word' id='word_1_16' title='bbox 1394 377 1438 407; x_wconf 80' lang='lat'>93</span> 
     </span>
     <span class='ocr_line' id='line_1_3' title="bbox 29 422 1368 478; baseline 0.002 -15"><span class='ocrx_word' id='word_1_17' title='bbox 29 422 305 476; x_wconf 86' lang='lat' dir='ltr'>imperatoris</span> <span class='ocrx_word' id='word_1_18' title='bbox 343 423 406 464; x_wconf 84' lang='lat' dir='ltr'>ita</span> <span class='ocrx_word' id='word_1_19' title='bbox 438 426 530 464; x_wconf 83' lang='lat' dir='ltr'>erat</span> <span class='ocrx_word' id='word_1_20' title='bbox 562 438 709 465; x_wconf 89' lang='lat' dir='ltr'>severa</span> <span class='ocrx_word' id='word_1_21' title='bbox 742 424 856 465; x_wconf 78' lang='lat' dir='ltr'>(lomi</span> <span class='ocrx_word' id='word_1_22' title='bbox 890 424 1132 478; x_wconf 77' lang='lat' dir='ltr'>disciplina,</span> <span class='ocrx_word' id='word_1_23' title='bbox 1168 427 1217 466; x_wconf 91' lang='lat' dir='ltr'>ut</span> <span class='ocrx_word' id='word_1_24' title='bbox 1248 425 1292 465; x_wconf 90' lang='lat' dir='ltr'>in</span> <span class='ocrx_word' id='word_1_25' title='bbox 1323 440 1368 467; x_wconf 92' lang='lat' dir='ltr'>re</span> 
     </span>
     <span class='ocr_line' id='line_1_4' title="bbox 29 482 1367 537; baseline 0.001 -15"><span class='ocrx_word' id='word_1_26' title='bbox 29 483 153 522; x_wconf 86' lang='lat' dir='ltr'>tanta</span> <span class='ocrx_word' id='word_1_27' title='bbox 192 484 235 522; x_wconf 91' lang='lat' dir='ltr'>et</span> <span class='ocrx_word' id='word_1_28' title='bbox 270 484 360 523; x_wconf 87' lang='lat' dir='ltr'>tam</span> <span class='ocrx_word' id='word_1_29' title='bbox 393 482 515 536; x_wconf 80' lang='lat' dir='ltr'>gravi</span> <span class='ocrx_word' id='word_1_30' title='bbox 546 483 697 523; x_wconf 86' lang='lat' dir='ltr'>nuntio</span> <span class='ocrx_word' id='word_1_31' title='bbox 729 496 854 523; x_wconf 89' lang='lat' dir='ltr'>nemo</span> <span class='ocrx_word' id='word_1_32' title='bbox 888 483 1205 537; x_wconf 75' lang='lat' dir='ltr'><strong>admitteretur,</strong></span> <span class='ocrx_word' id='word_1_33' title='bbox 1242 497 1367 525; x_wconf 90' lang='lat' dir='ltr'>nemo</span> 
     </span>
     <span class='ocr_line' id='line_1_5' title="bbox 31 540 1368 594; baseline 0.002 -14"><span class='ocrx_word' id='word_1_34' title='bbox 31 542 156 593; x_wconf 83' lang='lat' dir='ltr'>esset,</span> <span class='ocrx_word' id='word_1_35' title='bbox 190 540 262 594; x_wconf 86' lang='lat' dir='ltr'>qui</span> <span class='ocrx_word' id='word_1_36' title='bbox 289 540 464 581; x_wconf 82' lang='lat' dir='ltr'>auderet</span> <span class='ocrx_word' id='word_1_37' title='bbox 496 542 570 581; x_wconf 86' lang='lat' dir='ltr'>aut</span> <span class='ocrx_word' id='word_1_38' title='bbox 602 541 883 582; x_wconf 70' lang='lat' dir='ltr'>dormientem</span> <span class='ocrx_word' id='word_1_39' title='bbox 917 541 1102 582; x_wconf 81' lang='lat' dir='ltr'>excitare</span> <span class='ocrx_word' id='word_1_40' title='bbox 1135 544 1209 582; x_wconf 89' lang='lat' dir='ltr'>aut</span> <span class='ocrx_word' id='word_1_41' title='bbox 1239 542 1368 583; x_wconf 86' lang='lat' dir='ltr'>inter-</span> 
     </span>
     <span class='ocr_line' id='line_1_6' title="bbox 0 598 1368 656; baseline 0.003 -18"><span class='ocrx_word' id='word_1_42' title='bbox 0 598 193 653; x_wconf 84' lang='lat' dir='ltr'>⁵pellare</span> <span class='ocrx_word' id='word_1_43' title='bbox 220 598 486 653; x_wconf 75' lang='lat' dir='ltr'>vigilantem.</span> <span class='ocrx_word' id='word_1_44' title='bbox 542 598 633 640; x_wconf 85' lang='lat' dir='ltr'>lam</span> <span class='ocrx_word' id='word_1_45' title='bbox 665 613 766 640; x_wconf 87' lang='lat' dir='ltr'>vero</span> <span class='ocrx_word' id='word_1_46' title='bbox 799 614 843 640; x_wconf 88' lang='lat' dir='ltr'>re</span> <span class='ocrx_word' id='word_1_47' title='bbox 877 599 930 640; x_wconf 87' lang='lat' dir='ltr'>ab</span> <span class='ocrx_word' id='word_1_48' title='bbox 964 600 1161 641; x_wconf 86' lang='lat' dir='ltr'>omnibus</span> <span class='ocrx_word' id='word_1_49' title='bbox 1194 601 1368 656; x_wconf 86' lang='lat' dir='ltr'>cognita</span> 
     </span>
     <span class='ocr_line' id='line_1_7' title="bbox 29 657 1368 713; baseline 0.001 -15"><span class='ocrx_word' id='word_1_50' title='bbox 29 657 313 698; x_wconf 77' lang='lat' dir='ltr'>concursabat</span> <span class='ocrx_word' id='word_1_51' title='bbox 339 657 443 698; x_wconf 91' lang='lat' dir='ltr'>urbe</span> <span class='ocrx_word' id='word_1_52' title='bbox 475 659 569 698; x_wconf 83' lang='lat' dir='ltr'>tota</span> <span class='ocrx_word' id='word_1_53' title='bbox 600 657 787 698; x_wconf 81' lang='lat' dir='ltr'>maxima</span> <span class='ocrx_word' id='word_1_54' title='bbox 819 658 1063 701; x_wconf 84' lang='lat' dir='ltr'>multitudo.</span> <span class='ocrx_word' id='word_1_55' title='bbox 1112 658 1212 700; x_wconf 90' lang='lat' dir='ltr'>Non</span> <span class='ocrx_word' id='word_1_56' title='bbox 1243 659 1368 713; x_wconf 90' lang='lat' dir='ltr'>enim,</span> 
     </span>
     <span class='ocr_line' id='line_1_8' title="bbox 30 715 1368 770; baseline 0.002 -14"><span class='ocrx_word' id='word_1_57' title='bbox 30 715 138 756; x_wconf 86' lang='lat' dir='ltr'>sicut</span> <span class='ocrx_word' id='word_1_58' title='bbox 177 718 269 757; x_wconf 82' lang='lat' dir='ltr'>erat</span> <span class='ocrx_word' id='word_1_59' title='bbox 308 718 435 756; x_wconf 79' lang='lat' dir='ltr'>antea</span> <span class='ocrx_word' id='word_1_60' title='bbox 472 730 640 769; x_wconf 82' lang='lat' dir='ltr'><strong>semper</strong></span> <span class='ocrx_word' id='word_1_61' title='bbox 678 716 957 770; x_wconf 86' lang='lat' dir='ltr'>consuetudo,</span> <span class='ocrx_word' id='word_1_62' title='bbox 994 717 1258 770; x_wconf 84' lang='lat' dir='ltr'>praedonum</span> <span class='ocrx_word' id='word_1_63' title='bbox 1297 718 1368 759; x_wconf 87' lang='lat' dir='ltr'>ad-</span> 
     </span>
     <span class='ocr_line' id='line_1_9' title="bbox 29 774 1368 829; baseline 0.003 -15"><span class='ocrx_word' id='word_1_64' title='bbox 29 776 200 815; x_wconf 78' lang='lat' dir='ltr'>ventum</span> <span class='ocrx_word' id='word_1_65' title='bbox 243 774 516 829; x_wconf 82' lang='lat' dir='ltr'>significabat</span> <span class='ocrx_word' id='word_1_66' title='bbox 553 774 666 829; x_wconf 81' lang='lat' dir='ltr'>ignis</span> <span class='ocrx_word' id='word_1_67' title='bbox 700 788 721 815; x_wconf 93' lang='lat' dir='ltr'>e</span> <span class='ocrx_word' id='word_1_68' title='bbox 761 775 934 829; x_wconf 86' lang='lat' dir='ltr'>specula</span> <span class='ocrx_word' id='word_1_69' title='bbox 969 775 1165 817; x_wconf 85' lang='lat' dir='ltr'>sublatus</span> <span class='ocrx_word' id='word_1_70' title='bbox 1199 779 1273 817; x_wconf 83' lang='lat' dir='ltr'>aut</span> <span class='ocrx_word' id='word_1_71' title='bbox 1305 779 1368 818; x_wconf 84' lang='lat' dir='ltr'>tu-</span> 
     </span>
     <span class='ocr_line' id='line_1_10' title="bbox 29 832 1368 887; baseline 0.003 -15"><span class='ocrx_word' id='word_1_72' title='bbox 29 832 160 886; x_wconf 70' lang='lat' dir='ltr'>mulo,</span> <span class='ocrx_word' id='word_1_73' title='bbox 192 832 264 873; x_wconf 87' lang='lat' dir='ltr'>sed</span> <span class='ocrx_word' id='word_1_74' title='bbox 290 832 464 873; x_wconf 85' lang='lat' dir='ltr'>flamma</span> <span class='ocrx_word' id='word_1_75' title='bbox 490 847 540 873; x_wconf 82' lang='lat' dir='ltr'>ex</span> <span class='ocrx_word' id='word_1_76' title='bbox 565 833 660 887; x_wconf 84' lang='lat' dir='ltr'>ipso</span> <span class='ocrx_word' id='word_1_77' title='bbox 687 832 881 875; x_wconf 83' lang='lat' dir='ltr'>incendio</span> <span class='ocrx_word' id='word_1_78' title='bbox 913 833 1088 875; x_wconf 84' lang='lat' dir='ltr'>navium</span> <span class='ocrx_word' id='word_1_79' title='bbox 1121 837 1163 875; x_wconf 86' lang='lat' dir='ltr'>et</span> <span class='ocrx_word' id='word_1_80' title='bbox 1194 835 1368 876; x_wconf 82' lang='lat' dir='ltr'>calami·</span> 
     </span>
    </p>

    <p class='ocr_par' dir='ltr' id='par_1_3' title="bbox 0 891 1437 1183">
     <span class='ocr_line' id='line_1_11' title="bbox 0 891 1366 946; baseline 0.003 -16"><span class='ocrx_word' id='word_1_81' title='bbox 0 892 164 936; x_wconf 62' lang='lat' dir='ltr'>&#39;tatem</span> <span class='ocrx_word' id='word_1_82' title='bbox 215 893 435 945; x_wconf 77' lang='lat' dir='ltr'>acceptam</span> <span class='ocrx_word' id='word_1_83' title='bbox 485 893 528 932; x_wconf 90' lang='lat' dir='ltr'>et</span> <span class='ocrx_word' id='word_1_84' title='bbox 576 891 813 945; x_wconf 89' lang='lat' dir='ltr'>periculum</span> <span class='ocrx_word' id='word_1_85' title='bbox 863 892 1077 946; x_wconf 84' lang='lat' dir='ltr'>reliquum</span> <span class='ocrx_word' id='word_1_86' title='bbox 1124 893 1366 934; x_wconf 84' lang='lat' dir='ltr'>nuntiabat.</span> 
     </span>
     <span class='ocr_line' id='line_1_12' title="bbox 28 947 1437 1004; baseline 0.001 -14"><span class='ocrx_word' id='word_1_87' title='bbox 28 947 135 991; x_wconf 84' lang='lat' dir='ltr'>Cum</span> <span class='ocrx_word' id='word_1_88' title='bbox 182 951 357 1004; x_wconf 87' lang='lat' dir='ltr'>praetor</span> <span class='ocrx_word' id='word_1_89' title='bbox 401 952 678 1003; x_wconf 86' lang='lat' dir='ltr'>quaereretur</span> <span class='ocrx_word' id='word_1_90' title='bbox 723 952 765 991; x_wconf 90' lang='lat' dir='ltr'>et</span> <span class='ocrx_word' id='word_1_91' title='bbox 809 953 1028 992; x_wconf 88' lang='lat' dir='ltr'>constaret</span> <span class='ocrx_word' id='word_1_92' title='bbox 1070 951 1284 992; x_wconf 89' lang='lat' dir='ltr'>neminem</span> <span class='ocrx_word' id='word_1_93' title='bbox 1330 950 1437 993; x_wconf 84' lang='lat' dir='ltr'>ei36</span> 
     </span>
     <span class='ocr_line' id='line_1_13' title="bbox 26 1008 1366 1061; baseline 0.003 -13"><span class='ocrx_word' id='word_1_94' title='bbox 26 1008 267 1061; x_wconf 83' lang='lat' dir='ltr'>nuntiasse,</span> <span class='ocrx_word' id='word_1_95' title='bbox 298 1008 348 1048; x_wconf 90' lang='lat' dir='ltr'>fit</span> <span class='ocrx_word' id='word_1_96' title='bbox 375 1008 428 1049; x_wconf 88' lang='lat' dir='ltr'>ad</span> <span class='ocrx_word' id='word_1_97' title='bbox 460 1008 634 1049; x_wconf 87' lang='lat' dir='ltr'>domum</span> <span class='ocrx_word' id='word_1_98' title='bbox 667 1008 756 1050; x_wconf 91' lang='lat' dir='ltr'>eius</span> <span class='ocrx_word' id='word_1_99' title='bbox 789 1023 885 1050; x_wconf 88' lang='lat' dir='ltr'>cum</span> <span class='ocrx_word' id='word_1_100' title='bbox 917 1009 1104 1051; x_wconf 87' lang='lat' dir='ltr'>clamore</span> <span class='ocrx_word' id='word_1_101' title='bbox 1137 1024 1366 1052; x_wconf 80' lang='lat' dir='ltr'>concursus</span> 
     </span>
     <span class='ocr_line' id='line_1_14' title="bbox 28 1066 1437 1121; baseline 0.001 -14"><span class='ocrx_word' id='word_1_102' title='bbox 28 1069 156 1120; x_wconf 82' lang='lat' dir='ltr'>atque</span> <span class='ocrx_word' id='word_1_103' title='bbox 182 1067 380 1121; x_wconf 84' lang='lat' dir='ltr'>impetus.</span> <span class='ocrx_word' id='word_1_104' title='bbox 430 1066 540 1108; x_wconf 89' lang='lat' dir='ltr'>Tum</span> <span class='ocrx_word' id='word_1_105' title='bbox 566 1067 648 1108; x_wconf 85' lang='lat' dir='ltr'>iste</span> <span class='ocrx_word' id='word_1_106' title='bbox 681 1067 890 1109; x_wconf 80' lang='lat' dir='ltr'>excitatus</span> <span class='ocrx_word' id='word_1_107' title='bbox 924 1068 1043 1109; x_wconf 83' lang='lat' dir='ltr'>audit</span> <span class='ocrx_word' id='word_1_108' title='bbox 1074 1083 1164 1110; x_wconf 90' lang='lat' dir='ltr'>rem</span> <span class='ocrx_word' id='word_1_109' title='bbox 1197 1084 1367 1110; x_wconf 89' lang='lat' dir='ltr'>omnem</span> <span class='ocrx_word' id='word_1_110' title='bbox 1393 1078 1437 1109; x_wconf 66' lang='grc'>94</span> 
     </span>
     <span class='ocr_line' id='line_1_15' title="bbox 28 1125 1367 1183; baseline 0.003 -18"><span class='ocrx_word' id='word_1_111' title='bbox 28 1139 77 1166; x_wconf 82' lang='lat' dir='ltr'>ex</span> <span class='ocrx_word' id='word_1_112' title='bbox 110 1125 398 1179; x_wconf 73' lang='lat' dir='ltr'>Timarchide,</span> <span class='ocrx_word' id='word_1_113' title='bbox 431 1139 582 1180; x_wconf 82' lang='lat' dir='ltr'>sagum</span> <span class='ocrx_word' id='word_1_114' title='bbox 616 1127 748 1167; x_wconf 90' lang='lat' dir='ltr'>sumit</span> <span class='ocrx_word' id='word_1_115' title='bbox 780 1125 972 1181; x_wconf 87' lang='lat' dir='ltr'>(lucebat</span> <span class='ocrx_word' id='word_1_116' title='bbox 1003 1126 1090 1168; x_wconf 86' lang='lat' dir='ltr'>iam</span> <span class='ocrx_word' id='word_1_117' title='bbox 1121 1126 1241 1183; x_wconf 85' lang='lat' dir='ltr'>fere),</span> <span class='ocrx_word' id='word_1_118' title='bbox 1272 1143 1367 1182; x_wconf 89' lang='lat' dir='ltr'>pro-</span> 
     </span>
    </p>

    <p class='ocr_par' dir='ltr' id='par_1_4' title="bbox 0 1184 1368 1462">
     <span class='ocr_line' id='line_1_16' title="bbox 0 1184 1368 1241; baseline 0.002 -17"><span class='ocrx_word' id='word_1_119' title='bbox 0 1195 8 1219; x_wconf 63' lang='grc'>3</span> <span class='ocrx_word' id='word_1_120' title='bbox 29 1184 140 1225; x_wconf 85' lang='lat' dir='ltr'>cedit</span> <span class='ocrx_word' id='word_1_121' title='bbox 165 1184 210 1224; x_wconf 88' lang='lat' dir='ltr'>in</span> <span class='ocrx_word' id='word_1_122' title='bbox 234 1184 421 1225; x_wconf 86' lang='lat' dir='ltr'>medium</span> <span class='ocrx_word' id='word_1_123' title='bbox 447 1184 548 1238; x_wconf 84' lang='lat' dir='ltr'>vini,</span> <span class='ocrx_word' id='word_1_124' title='bbox 581 1184 732 1238; x_wconf 87' lang='lat' dir='ltr'>somni,</span> <span class='ocrx_word' id='word_1_125' title='bbox 765 1185 904 1239; x_wconf 88' lang='lat' dir='ltr'>stupri</span> <span class='ocrx_word' id='word_1_126' title='bbox 929 1186 1094 1239; x_wconf 84' lang='lat' dir='ltr'>plenus.</span> <span class='ocrx_word' id='word_1_127' title='bbox 1143 1185 1368 1241; x_wconf 75' lang='lat' dir='ltr'>Excipitur</span> 
     </span>
     <span class='ocr_line' id='line_1_17' title="bbox 28 1243 1367 1299; baseline 0.002 -16"><span class='ocrx_word' id='word_1_128' title='bbox 28 1243 82 1284; x_wconf 84' lang='lat' dir='ltr'>ab</span> <span class='ocrx_word' id='word_1_129' title='bbox 128 1243 326 1284; x_wconf 87' lang='lat' dir='ltr'>omnibus</span> <span class='ocrx_word' id='word_1_130' title='bbox 372 1243 461 1284; x_wconf 87' lang='lat' dir='ltr'>eius</span> <span class='ocrx_word' id='word_1_131' title='bbox 506 1243 621 1284; x_wconf 81' lang='lat' dir='ltr'>modi</span> <span class='ocrx_word' id='word_1_132' title='bbox 665 1244 868 1295; x_wconf 81' lang='lat' dir='ltr'>clamore,</span> <span class='ocrx_word' id='word_1_133' title='bbox 912 1247 960 1284; x_wconf 92' lang='lat' dir='ltr'>ut</span> <span class='ocrx_word' id='word_1_134' title='bbox 1004 1244 1042 1285; x_wconf 88' lang='lat' dir='ltr'>ei</span> <span class='ocrx_word' id='word_1_135' title='bbox 1086 1243 1367 1299; x_wconf 80' lang='lat' dir='ltr'>Lampsaceni</span> 
     </span>
     <span class='ocr_line' id='line_1_18' title="bbox 27 1301 1367 1356; baseline 0.001 -14"><span class='ocrx_word' id='word_1_136' title='bbox 27 1301 207 1356; x_wconf 85' lang='lat' dir='ltr'>periculi</span> <span class='ocrx_word' id='word_1_137' title='bbox 242 1301 479 1342; x_wconf 87' lang='lat' dir='ltr'>similitudo</span> <span class='ocrx_word' id='word_1_138' title='bbox 511 1304 755 1343; x_wconf 77' lang='lat' dir='ltr'>versaretur</span> <span class='ocrx_word' id='word_1_139' title='bbox 788 1304 886 1342; x_wconf 84' lang='lat' dir='ltr'>ante</span> <span class='ocrx_word' id='word_1_140' title='bbox 920 1303 1085 1355; x_wconf 82' lang='lat' dir='ltr'>oculos3</span> <span class='ocrx_word' id='word_1_141' title='bbox 1122 1303 1203 1344; x_wconf 88' lang='lat' dir='ltr'>hoc</span> <span class='ocrx_word' id='word_1_142' title='bbox 1236 1303 1367 1345; x_wconf 88' lang='lat' dir='ltr'>etiam</span> 
     </span>
     <span class='ocr_line' id='line_1_19' title="bbox 29 1359 1367 1414; baseline 0.002 -14"><span class='ocrx_word' id='word_1_143' title='bbox 29 1360 165 1401; x_wconf 84' lang='lat' dir='ltr'>maius</span> <span class='ocrx_word' id='word_1_144' title='bbox 203 1359 285 1402; x_wconf 88' lang='lat' dir='ltr'>hoc</span> <span class='ocrx_word' id='word_1_145' title='bbox 321 1359 564 1414; x_wconf 83' lang='lat' dir='ltr'>videbatur,</span> <span class='ocrx_word' id='word_1_146' title='bbox 604 1360 716 1414; x_wconf 87' lang='lat' dir='ltr'>quod</span> <span class='ocrx_word' id='word_1_147' title='bbox 753 1360 797 1400; x_wconf 87' lang='lat' dir='ltr'>in</span> <span class='ocrx_word' id='word_1_148' title='bbox 836 1360 932 1401; x_wconf 82' lang='lat' dir='ltr'>odio</span> <span class='ocrx_word' id='word_1_149' title='bbox 970 1361 1101 1401; x_wconf 83' lang='lat' dir='ltr'>simili</span> <span class='ocrx_word' id='word_1_150' title='bbox 1133 1362 1367 1403; x_wconf 82' lang='lat' dir='ltr'>multitudo</span> 
     </span>
     <span class='ocr_line' id='line_1_20' title="bbox 27 1418 1367 1462; baseline 0.002 -3"><span class='ocrx_word' id='word_1_151' title='bbox 27 1418 250 1460; x_wconf 89' lang='lat' dir='ltr'>hominum</span> <span class='ocrx_word' id='word_1_152' title='bbox 288 1418 394 1460; x_wconf 88' lang='lat' dir='ltr'>haec</span> <span class='ocrx_word' id='word_1_153' title='bbox 433 1421 525 1460; x_wconf 89' lang='lat' dir='ltr'>erat</span> <span class='ocrx_word' id='word_1_154' title='bbox 556 1433 766 1459; x_wconf 80' lang='lat' dir='ltr'>maxuma.</span> <span class='ocrx_word' id='word_1_155' title='bbox 829 1418 937 1460; x_wconf 82' lang='lat' dir='ltr'>Tum</span> <span class='ocrx_word' id='word_1_156' title='bbox 969 1419 1095 1460; x_wconf 89' lang='lat' dir='ltr'>istius</span> <span class='ocrx_word' id='word_1_157' title='bbox 1128 1423 1224 1461; x_wconf 85' lang='lat' dir='ltr'>acta</span> <span class='ocrx_word' id='word_1_158' title='bbox 1256 1435 1367 1462; x_wconf 87' lang='lat' dir='ltr'>com-</span> 
     </span>
    </p>

    <p class='ocr_par' dir='ltr' id='par_1_5' title="bbox 5 1477 1435 2526">
     <span class='ocr_line' id='line_1_21' title="bbox 5 1477 1367 1533; baseline 0.001 -15"><span class='ocrx_word' id='word_1_159' title='bbox 5 1494 8 1505; x_wconf 88' lang='lat'><em>·</em></span> <span class='ocrx_word' id='word_1_160' title='bbox 27 1477 360 1530; x_wconf 72' lang='lat' dir='ltr'>memorabatur,</span> <span class='ocrx_word' id='word_1_161' title='bbox 379 1479 472 1518; x_wconf 90' lang='lat' dir='ltr'>tum</span> <span class='ocrx_word' id='word_1_162' title='bbox 492 1477 710 1532; x_wconf 80' lang='lat' dir='ltr'>flagitiosa</span> <span class='ocrx_word' id='word_1_163' title='bbox 730 1477 808 1518; x_wconf 86' lang='lat' dir='ltr'>illa</span> <span class='ocrx_word' id='word_1_164' title='bbox 829 1477 1036 1531; x_wconf 84' lang='lat' dir='ltr'>convivia,</span> <span class='ocrx_word' id='word_1_165' title='bbox 1062 1481 1154 1519; x_wconf 88' lang='lat' dir='ltr'>tum</span> <span class='ocrx_word' id='word_1_166' title='bbox 1179 1480 1367 1533; x_wconf 85' lang='lat' dir='ltr'>appella-</span> 
     </span>
     <span class='ocr_line' id='line_1_22' title="bbox 26 1535 1367 1591; baseline 0.001 -14"><span class='ocrx_word' id='word_1_167' title='bbox 26 1536 185 1577; x_wconf 84' lang='lat' dir='ltr'>bantur</span> <span class='ocrx_word' id='word_1_168' title='bbox 206 1551 231 1577; x_wconf 87' lang='lat' dir='ltr'>a</span> <span class='ocrx_word' id='word_1_169' title='bbox 251 1535 526 1577; x_wconf 81' lang='lat' dir='ltr'>multitudine</span> <span class='ocrx_word' id='word_1_170' title='bbox 553 1536 752 1576; x_wconf 87' lang='lat' dir='ltr'>mulieres</span> <span class='ocrx_word' id='word_1_171' title='bbox 780 1536 1049 1590; x_wconf 85' lang='lat' dir='ltr'>nominatim,</span> <span class='ocrx_word' id='word_1_172' title='bbox 1075 1539 1167 1577; x_wconf 87' lang='lat' dir='ltr'>tum</span> <span class='ocrx_word' id='word_1_173' title='bbox 1196 1552 1367 1591; x_wconf 84' lang='lat' dir='ltr'>quaere-</span> 
     </span>
     <span class='ocr_line' id='line_1_23' title="bbox 31 1594 1366 1650; baseline 0.001 -15"><span class='ocrx_word' id='word_1_174' title='bbox 31 1597 134 1636; x_wconf 86' lang='lat' dir='ltr'>bant</span> <span class='ocrx_word' id='word_1_175' title='bbox 178 1609 227 1635; x_wconf 88' lang='lat' dir='ltr'>ex</span> <span class='ocrx_word' id='word_1_176' title='bbox 270 1594 355 1635; x_wconf 90' lang='lat' dir='ltr'>isto</span> <span class='ocrx_word' id='word_1_177' title='bbox 400 1595 561 1648; x_wconf 84' lang='lat' dir='ltr'>palam,</span> <span class='ocrx_word' id='word_1_178' title='bbox 611 1596 678 1635; x_wconf 88' lang='lat' dir='ltr'>tot</span> <span class='ocrx_word' id='word_1_179' title='bbox 722 1594 809 1635; x_wconf 87' lang='lat' dir='ltr'>dies</span> <span class='ocrx_word' id='word_1_180' title='bbox 855 1594 1096 1648; x_wconf 85' lang='lat' dir='ltr'>continuos,</span> <span class='ocrx_word' id='word_1_181' title='bbox 1140 1610 1215 1649; x_wconf 89' lang='lat' dir='ltr'>per</span> <span class='ocrx_word' id='word_1_182' title='bbox 1260 1611 1366 1650; x_wconf 86' lang='lat' dir='ltr'>quos</span> 
     </span>
     <span class='ocr_line' id='line_1_24' title="bbox 26 1652 1367 1708; baseline 0.001 -14"><span class='ocrx_word' id='word_1_183' title='bbox 26 1667 261 1707; x_wconf 81' lang='lat' dir='ltr'>numquam</span> <span class='ocrx_word' id='word_1_184' title='bbox 293 1653 410 1694; x_wconf 81' lang='lat' dir='ltr'>visus</span> <span class='ocrx_word' id='word_1_185' title='bbox 443 1656 572 1706; x_wconf 85' lang='lat' dir='ltr'>esset,</span> <span class='ocrx_word' id='word_1_186' title='bbox 611 1653 684 1693; x_wconf 88' lang='lat' dir='ltr'>ubi</span> <span class='ocrx_word' id='word_1_187' title='bbox 715 1652 886 1706; x_wconf 87' lang='lat' dir='ltr'>fuisset,</span> <span class='ocrx_word' id='word_1_188' title='bbox 925 1653 1025 1707; x_wconf 83' lang='lat' dir='ltr'>quid</span> <span class='ocrx_word' id='word_1_189' title='bbox 1058 1654 1235 1708; x_wconf 77' lang='lat' dir='ltr'>egisset,</span> <span class='ocrx_word' id='word_1_190' title='bbox 1274 1657 1367 1695; x_wconf 87' lang='lat' dir='ltr'>tum</span> 
     </span>
     <span class='ocr_line' id='line_1_25' title="bbox 27 1710 1367 1768; baseline 0.001 -16"><span class='ocrx_word' id='word_1_191' title='bbox 27 1712 263 1766; x_wconf 76' lang='lat' dir='ltr'>imperator</span> <span class='ocrx_word' id='word_1_192' title='bbox 290 1711 343 1752; x_wconf 83' lang='lat' dir='ltr'>ab</span> <span class='ocrx_word' id='word_1_193' title='bbox 376 1711 461 1753; x_wconf 87' lang='lat' dir='ltr'>isto</span> <span class='ocrx_word' id='word_1_194' title='bbox 493 1712 764 1766; x_wconf 86' lang='lat' dir='ltr'>praepositus</span> <span class='ocrx_word' id='word_1_195' title='bbox 794 1710 1043 1753; x_wconf 76' lang='lat' dir='ltr'>Cleomenes</span> <span class='ocrx_word' id='word_1_196' title='bbox 1076 1713 1367 1768; x_wconf 79' lang='lat' dir='ltr'>flagitabatur,</span> 
     </span>
     <span class='ocr_line' id='line_1_26' title="bbox 26 1769 1367 1824; baseline 0.001 -13"><span class='ocrx_word' id='word_1_197' title='bbox 26 1784 164 1824; x_wconf 88' lang='lat' dir='ltr'>neque</span> <span class='ocrx_word' id='word_1_198' title='bbox 203 1770 430 1824; x_wconf 85' lang='lat' dir='ltr'>quicquam</span> <span class='ocrx_word' id='word_1_199' title='bbox 468 1769 645 1824; x_wconf 89' lang='lat' dir='ltr'>propius</span> <span class='ocrx_word' id='word_1_200' title='bbox 685 1772 750 1811; x_wconf 88' lang='lat' dir='ltr'>est</span> <span class='ocrx_word' id='word_1_201' title='bbox 786 1769 967 1824; x_wconf 83' lang='lat' dir='ltr'>factum,</span> <span class='ocrx_word' id='word_1_202' title='bbox 1010 1785 1136 1824; x_wconf 89' lang='lat' dir='ltr'>quam</span> <span class='ocrx_word' id='word_1_203' title='bbox 1175 1774 1224 1812; x_wconf 92' lang='lat' dir='ltr'>ut</span> <span class='ocrx_word' id='word_1_204' title='bbox 1260 1772 1367 1812; x_wconf 87' lang='lat' dir='ltr'>illud</span> 
     </span>
     <span class='ocr_line' id='line_1_27' title="bbox 25 1827 1367 1884; baseline 0.001 -14"><span class='ocrx_word' id='word_1_205' title='bbox 25 1827 229 1870; x_wconf 84' lang='lat' dir='ltr'>Uticense</span> <span class='ocrx_word' id='word_1_206' title='bbox 268 1829 509 1883; x_wconf 77' lang='lat' dir='ltr'>exemplum</span> <span class='ocrx_word' id='word_1_207' title='bbox 548 1829 598 1870; x_wconf 85' lang='lat' dir='ltr'>de</span> <span class='ocrx_word' id='word_1_208' title='bbox 636 1828 856 1870; x_wconf 85' lang='lat' dir='ltr'>Hadriano</span> <span class='ocrx_word' id='word_1_209' title='bbox 894 1829 1204 1870; x_wconf 83' lang='lat' dir='ltr'>transferretur</span> <span class='ocrx_word' id='word_1_210' title='bbox 1240 1828 1367 1884; x_wconf 80' lang='lat' dir='ltr'>Syra-</span> 
     </span>
     <span class='ocr_line' id='line_1_28' title="bbox 26 1887 1367 1942; baseline 0.001 -14"><span class='ocrx_word' id='word_1_211' title='bbox 26 1902 162 1941; x_wconf 81' lang='lat' dir='ltr'>cusas,</span> <span class='ocrx_word' id='word_1_212' title='bbox 188 1889 236 1929; x_wconf 90' lang='lat' dir='ltr'>ut</span> <span class='ocrx_word' id='word_1_213' title='bbox 256 1887 338 1929; x_wconf 88' lang='lat' dir='ltr'>duo</span> <span class='ocrx_word' id='word_1_214' title='bbox 360 1887 587 1942; x_wconf 82' lang='lat' dir='ltr'>sepulchra</span> <span class='ocrx_word' id='word_1_215' title='bbox 608 1887 787 1929; x_wconf 83' lang='lat' dir='ltr'>duorum</span> <span class='ocrx_word' id='word_1_216' title='bbox 811 1890 1060 1941; x_wconf 88' lang='lat' dir='ltr'>praetorum</span> <span class='ocrx_word' id='word_1_217' title='bbox 1085 1888 1367 1942; x_wconf 87' lang='lat' dir='ltr'>inproborum</span> 
     </span>
     <span class='ocr_line' id='line_1_29' title="bbox 26 1945 1367 2000; baseline 0.001 -13"><span class='ocrx_word' id='word_1_218' title='bbox 26 1946 190 1988; x_wconf 82' lang='lat' dir='ltr'>duabus</span> <span class='ocrx_word' id='word_1_219' title='bbox 228 1946 272 1987; x_wconf 90' lang='lat' dir='ltr'>in</span> <span class='ocrx_word' id='word_1_220' title='bbox 310 1946 541 2000; x_wconf 81' lang='lat' dir='ltr'>provinciis</span> <span class='ocrx_word' id='word_1_221' title='bbox 580 1947 954 1988; x_wconf 84' lang='lat' dir='ltr'>constituerentur.</span> <span class='ocrx_word' id='word_1_222' title='bbox 1015 1945 1177 1988; x_wconf 89' lang='lat' dir='ltr'>Verum</span> <span class='ocrx_word' id='word_1_223' title='bbox 1215 1947 1367 1988; x_wconf 83' lang='lat' dir='ltr'>habita</span> 
     </span>
     <span class='ocr_line' id='line_1_30' title="bbox 26 2004 1367 2059; baseline 0.001 -14"><span class='ocrx_word' id='word_1_224' title='bbox 26 2007 92 2046; x_wconf 90' lang='lat' dir='ltr'>est</span> <span class='ocrx_word' id='word_1_225' title='bbox 136 2019 161 2046; x_wconf 86' lang='lat' dir='ltr'>a</span> <span class='ocrx_word' id='word_1_226' title='bbox 204 2005 480 2046; x_wconf 81' lang='lat' dir='ltr'>multitudine</span> <span class='ocrx_word' id='word_1_227' title='bbox 524 2004 636 2046; x_wconf 90' lang='lat' dir='ltr'>ratio</span> <span class='ocrx_word' id='word_1_228' title='bbox 679 2004 908 2058; x_wconf 82' lang='lat' dir='ltr'>temporis,</span> <span class='ocrx_word' id='word_1_229' title='bbox 950 2004 1101 2046; x_wconf 85' lang='lat' dir='ltr'>habita</span> <span class='ocrx_word' id='word_1_230' title='bbox 1141 2006 1367 2059; x_wconf 90' lang='lat' dir='ltr'>tumultus,</span> 
     </span>
     <span class='ocr_line' id='line_1_31' title="bbox 25 2062 1367 2119; baseline 0.001 -15"><span class='ocrx_word' id='word_1_231' title='bbox 25 2063 177 2104; x_wconf 87' lang='lat' dir='ltr'>habita</span> <span class='ocrx_word' id='word_1_232' title='bbox 221 2063 350 2104; x_wconf 88' lang='lat' dir='ltr'>etiam</span> <span class='ocrx_word' id='word_1_233' title='bbox 395 2063 620 2119; x_wconf 79' lang='lat' dir='ltr'>dignitatis</span> <span class='ocrx_word' id='word_1_234' title='bbox 665 2062 1079 2117; x_wconf 72' lang='lat' dir='ltr'>existimationisque</span> <span class='ocrx_word' id='word_1_235' title='bbox 1118 2063 1367 2117; x_wconf 81' lang='lat' dir='ltr'>communis,</span> 
     </span>
     <span class='ocr_line' id='line_1_32' title="bbox 26 2119 1366 2176; baseline 0.001 -13"><span class='ocrx_word' id='word_1_236' title='bbox 26 2122 139 2176; x_wconf 89' lang='lat' dir='ltr'>quod</span> <span class='ocrx_word' id='word_1_237' title='bbox 176 2121 213 2163; x_wconf 90' lang='lat' dir='ltr'>is</span> <span class='ocrx_word' id='word_1_238' title='bbox 253 2124 318 2163; x_wconf 85' lang='lat' dir='ltr'>est</span> <span class='ocrx_word' id='word_1_239' title='bbox 350 2124 584 2163; x_wconf 83' lang='lat' dir='ltr'>conventus</span> <span class='ocrx_word' id='word_1_240' title='bbox 617 2119 838 2176; x_wconf 79' lang='lat' dir='ltr'>Syracusis</span> <span class='ocrx_word' id='word_1_241' title='bbox 871 2121 1028 2163; x_wconf 89' lang='lat' dir='ltr'>civium</span> <span class='ocrx_word' id='word_1_242' title='bbox 1060 2121 1366 2176; x_wconf 86' lang='lat' dir='ltr'>Romanorum,</span> 
     </span>
     <span class='ocr_line' id='line_1_33' title="bbox 24 2180 1366 2235; baseline 0.001 -14"><span class='ocrx_word' id='word_1_243' title='bbox 24 2182 73 2221; x_wconf 92' lang='lat' dir='ltr'>ut</span> <span class='ocrx_word' id='word_1_244' title='bbox 91 2195 178 2222; x_wconf 90' lang='lat' dir='ltr'>non</span> <span class='ocrx_word' id='word_1_245' title='bbox 199 2180 325 2222; x_wconf 87' lang='lat' dir='ltr'>modo</span> <span class='ocrx_word' id='word_1_246' title='bbox 346 2180 423 2222; x_wconf 89' lang='lat' dir='ltr'>illa</span> <span class='ocrx_word' id='word_1_247' title='bbox 443 2180 676 2235; x_wconf 83' lang='lat' dir='ltr'>provincia,</span> <span class='ocrx_word' id='word_1_248' title='bbox 701 2195 848 2222; x_wconf 77' lang='lat' dir='ltr'>verum</span> <span class='ocrx_word' id='word_1_249' title='bbox 870 2180 1000 2221; x_wconf 89' lang='lat' dir='ltr'>etiam</span> <span class='ocrx_word' id='word_1_250' title='bbox 1021 2180 1102 2222; x_wconf 87' lang='lat' dir='ltr'>hae</span> <span class='ocrx_word' id='word_1_251' title='bbox 1122 2195 1167 2221; x_wconf 91' lang='lat' dir='ltr'>re</span> <span class='ocrx_word' id='word_1_252' title='bbox 1192 2181 1366 2235; x_wconf 83' lang='lat' dir='ltr'>publica</span> 
     </span>
     <span class='ocr_line' id='line_1_34' title="bbox 25 2237 1435 2294; baseline -0.001 -14"><span class='ocrx_word' id='word_1_253' title='bbox 25 2238 304 2294; x_wconf 81' lang='lat' dir='ltr'>dignissimus</span> <span class='ocrx_word' id='word_1_254' title='bbox 355 2239 634 2280; x_wconf 78' lang='lat' dir='ltr'>existimetur.</span> <span class='ocrx_word' id='word_1_255' title='bbox 706 2237 974 2280; x_wconf 86' lang='lat' dir='ltr'>Confirmant</span> <span class='ocrx_word' id='word_1_256' title='bbox 1022 2239 1106 2294; x_wconf 87' lang='lat' dir='ltr'>ipsi</span> <span class='ocrx_word' id='word_1_257' title='bbox 1156 2254 1219 2293; x_wconf 88' lang='lat' dir='ltr'>se,</span> <span class='ocrx_word' id='word_1_258' title='bbox 1269 2254 1365 2281; x_wconf 88' lang='lat' dir='ltr'>cum</span> <span class='ocrx_word' id='word_1_259' title='bbox 1392 2247 1435 2279; x_wconf 76' lang='lat'>95</span> 
     </span>
     <span class='ocr_line' id='line_1_35' title="bbox 25 2296 1366 2352; baseline 0.001 -14"><span class='ocrx_word' id='word_1_260' title='bbox 25 2296 93 2339; x_wconf 86' lang='lat' dir='ltr'>hic</span> <span class='ocrx_word' id='word_1_261' title='bbox 138 2298 268 2339; x_wconf 85' lang='lat' dir='ltr'>etiam</span> <span class='ocrx_word' id='word_1_262' title='bbox 312 2300 406 2339; x_wconf 91' lang='lat' dir='ltr'>tum</span> <span class='ocrx_word' id='word_1_263' title='bbox 445 2298 728 2339; x_wconf 86' lang='lat' dir='ltr'>semisomnus</span> <span class='ocrx_word' id='word_1_264' title='bbox 767 2300 976 2351; x_wconf 81' lang='lat' dir='ltr'>stuperet,</span> <span class='ocrx_word' id='word_1_265' title='bbox 1022 2312 1141 2339; x_wconf 85' lang='lat' dir='ltr'>arma</span> <span class='ocrx_word' id='word_1_266' title='bbox 1179 2298 1366 2352; x_wconf 86' lang='lat' dir='ltr'>capiunt,</span> 
     </span>
     <span class='ocr_line' id='line_1_36' title="bbox 27 2355 1366 2412; baseline 0.001 -15"><span class='ocrx_word' id='word_1_267' title='bbox 27 2357 166 2397; x_wconf 88' lang='lat' dir='ltr'>totum</span> <span class='ocrx_word' id='word_1_268' title='bbox 203 2355 344 2398; x_wconf 86' lang='lat' dir='ltr'>forum</span> <span class='ocrx_word' id='word_1_269' title='bbox 383 2359 511 2411; x_wconf 85' lang='lat' dir='ltr'>atque</span> <span class='ocrx_word' id='word_1_270' title='bbox 549 2356 759 2411; x_wconf 80' lang='lat' dir='ltr'>Insulam,</span> <span class='ocrx_word' id='word_1_271' title='bbox 799 2370 907 2409; x_wconf 81' lang='lat' dir='ltr'>quae</span> <span class='ocrx_word' id='word_1_272' title='bbox 946 2358 1013 2397; x_wconf 90' lang='lat' dir='ltr'>est</span> <span class='ocrx_word' id='word_1_273' title='bbox 1050 2356 1169 2397; x_wconf 89' lang='lat' dir='ltr'>urbis</span> <span class='ocrx_word' id='word_1_274' title='bbox 1207 2371 1366 2412; x_wconf 81' lang='lat' dir='ltr'>magna</span> 
     </span>
     <span class='ocr_line' id='line_1_37' title="bbox 29 2414 1364 2469; baseline 0.001 -13"><span class='ocrx_word' id='word_1_275' title='bbox 29 2429 137 2468; x_wconf 83' lang='lat' dir='ltr'>pars,</span> <span class='ocrx_word' id='word_1_276' title='bbox 169 2415 398 2469; x_wconf 88' lang='lat' dir='ltr'>complent.</span> <span class='ocrx_word' id='word_1_277' title='bbox 448 2414 591 2457; x_wconf 88' lang='lat' dir='ltr'>Unam</span> <span class='ocrx_word' id='word_1_278' title='bbox 619 2415 741 2456; x_wconf 89' lang='lat' dir='ltr'>illam</span> <span class='ocrx_word' id='word_1_279' title='bbox 767 2417 937 2456; x_wconf 86' lang='lat' dir='ltr'>noctem</span> <span class='ocrx_word' id='word_1_280' title='bbox 964 2415 1102 2456; x_wconf 89' lang='lat' dir='ltr'>solam</span> <span class='ocrx_word' id='word_1_281' title='bbox 1127 2415 1364 2469; x_wconf 86' lang='lat' dir='ltr'>praedones</span> 
     </span>
     <span class='ocr_line' id='line_1_38' title="bbox 30 2472 1364 2526; baseline 0.001 -12"><span class='ocrx_word' id='word_1_282' title='bbox 30 2473 76 2514; x_wconf 59' lang='lat' dir='ltr'>ad</span> <span class='ocrx_word' id='word_1_283' title='bbox 107 2472 317 2515; x_wconf 89' lang='lat' dir='ltr'>Helorum</span> <span class='ocrx_word' id='word_1_284' title='bbox 350 2473 622 2526; x_wconf 83' lang='lat' dir='ltr'>commorati,</span> <span class='ocrx_word' id='word_1_285' title='bbox 662 2488 757 2515; x_wconf 82' lang='lat' dir='ltr'>cum</span> <span class='ocrx_word' id='word_1_286' title='bbox 788 2473 996 2514; x_wconf 88' lang='lat' dir='ltr'>fumantis</span> <span class='ocrx_word' id='word_1_287' title='bbox 1029 2473 1160 2515; x_wconf 85' lang='lat' dir='ltr'>etiam</span> <span class='ocrx_word' id='word_1_288' title='bbox 1192 2476 1364 2515; x_wconf 86' lang='lat' dir='ltr'>nostras</span> 
     </span>
    </p>
   </div>
  </div>
 </body>
</html>
