1618 2584
391 222 477 257 LIB.
504 222 553 257 IV
597 222 698 257 CAP.
726 227 780 265 33,
808 227 852 257 34
877 227 895 265 g
923 227 1068 257 'ez—76.
1308 222 1395 263 395

69 318 113 360 Ρ.
144 317 336 360 Africani
376 332 531 360 nomen
569 321 661 360 erat
698 319 878 360 incisum
917 332 1094 372 eumque
1133 315 1395 371 Carthagine

69 379 194 432 capta
237 377 476 418 restituisse
521 377 815 431 perscriptum.
877 375 1110 419 Colebatur
1153 391 1178 416 a
1222 376 1395 421 civibus

68 435 122 476 ab
162 435 358 476 omnibus
399 436 570 477 advenis
609 437 844 489 visebatur3
881 450 976 477 cum
1015 437 1216 489 quaestor
1249 448 1394 475 essem

66 494 174 535 nihil
201 494 306 535 mihi
333 495 386 535 ab
419 494 506 535 illis
539 497 604 536 est
635 469 976 535 demonstiatum
1008 495 1139 548 prius.
1187 492 1296 534 Erat
1328 492 1395 533 ad-

32 565 48 590 5
68 553 239 594 modum
262 554 451 606 amplum
473 556 514 594 et
538 553 749 594 excelsum
776 554 945 607 signum
973 568 1068 594 911111
1095 552 1224 605 stola3
1249 566 1392 592 verum

68 615 212 652 tamen
237 612 376 653 inerat
401 612 444 652 in
475 611 552 653 illa
583 612 877 667 magnitudine
911 614 1028 652 aetas
1062 614 1189 665 atque
1221 610 1394 651 habitus

66 670 309 725 virginalis3
335 671 520 726 sagittae
540 670 783 725 pendebant
804 670 856 711 ab
881 685 1038 723 umero,
1066 670 1242 711 sinistra
1268 683 1394 709 manu

67 729 281 770 retinebat
316 744 478 782 arcum,
516 729 664 770 dextra
696 729 915 770 ardentem
946 729 1084 770 facem
1115 728 1396 783 praeferebat.

66 786 188 828 Hanc
214 802 309 829 cum
335 788 416 828 iste
442 802 659 829 sacrorum
687 787 875 828 omnium
904 790 946 828 ct
971 787 1229 842 religionum
1255 786 1393 827 hostis

16 853 56 884 ιο·
67 845 307 900 praedoque
327 846 515 898 vidisset,
543 847 664 900 quasi
685 846 762 887 illa
783 846 878 899 ipsa
902 846 993 887 face
1019 860 1244 900 percussus
1272 848 1396 887 esset,

65 905 127 946 ita
160 904 344 960 flagrare
376 905 608 960 cupiditate
641 908 767 959 atque
800 905 987 946 amentia
1018 904 1176 958 coepit3
1214 904 1397 957 imperat

66 963 408 1018 magistratibus,
438 967 486 1004 ut
512 978 605 1005 eam
632 963 918 1005 demoliantur
949 965 991 1004 et
1023 963 1106 1004 sibi
1140 963 1255 1015 dent3
1288 962 1397 1003 nihil

66 1022 148 1063 sibi
175 1022 341 1077 gratius
369 1023 557 1064 ostendit
581 1022 785 1063 futurum.
834 1022 906 1063 Illi
937 1036 1037 1063 vero
1071 1022 1208 1077 dicere
1241 1022 1323 1062 sibi
1354 1020 1397 1062 id

63 1080 184 1122 nefas
211 1095 315 1134 esse,
346 1095 519 1135 seseque
546 1096 640 1122 cum
667 1095 834 1122 summa
859 1081 1078 1135 religione,
1110 1084 1202 1121 tum
1229 1094 1396 1121 summo

13 1151 45 1177 15
65 1142 182 1181 metu
207 1140 352 1195 legum
379 1142 422 1180 et
446 1140 699 1181 iudiciorum
727 1140 874 1181 teneri.
923 1139 1012 1180 Iste
1041 1142 1133 1180 tum
1165 1142 1309 1193 petere
1342 1138 1395 1180 ab

65 1198 169 1252 illis,
208 1202 299 1239 tum
336 1198 507 1252 minari,
545 1201 636 1239 tum
668 1213 805 1252 spem,
842 1201 935 1239 tum
968 1201 1128 1239 metum
1162 1198 1396 1239 ostendere.

65 1256 351 1312 Opponebant
387 1257 453 1298 illi
489 1271 645 1298 nomen
682 1257 896 1297 interdum
928 1256 973 1298 P.
1000 1256 1210 1310 Africani3
1247 1257 1395 1311 populi

64 1315 248 1357 Romani
279 1315 386 1356 illud
418 1330 510 1357 esse
542 1315 757 1369 dicebant3
788 1316 897 1356 nihil
930 1330 974 1356 se
1006 1315 1050 1356 in
1082 1330 1130 1356 eo
1164 1316 1394 1369 potestatis

64 1374 235 1429 habere,
260 1375 373 1429 quod
391 1374 626 1429 imperator
645 1374 907 1416 clarissimus
928 1375 1032 1415 urbe
1052 1374 1242 1415 hostium
1269 1377 1395 1429 capta

12 1446 46 1471 20
65 1436 388 1475 monumentum
425 1433 629 1475 victoriae
660 1433 808 1487 populi
839 1433 1146 1474 Romani·esse
1177 1433 1397 1475 voluisset.

65 1491 172 1534 Cum
213 1492 294 1533 iste
330 1492 466 1533 nihilo
505 1492 725 1533 remissius
764 1494 891 1545 atque
930 1492 1060 1532 etiam
1098 1492 1235 1533 multo
1274 1492 1395 1533 vehe-

65 1551 249 1592 mentius
281 1551 464 1592 instaret
496 1551 667 1605 cotidie,
698 1565 766 1591 res
799 1551 943 1606 agitur
973 1550 1017 1591 in
1049 1554 1211 1592 senatu.
1260 1550 1397 1592 Vehe—

64 1612 230 1651 menter
267 1610 321 1651 ab
359 1610 556 1650 omnibus
589 1610 857 1651 reclamatur.
912 1609 1063 1663 Itaque
1094 1609 1171 1651 illo
1204 1612 1396 1664 tempore

1423 796 1464 826 75

1423 1500 1466 1532 76

65 1683 114 1710 ac
138 1669 278 1724 primo
304 1668 428 1710 istius
461 1668 646 1710 adventu
678 1670 949 1723 pernegatur.
998 1667 1166 1721 Postea,
1198 1667 1397 1734 quicquid
1427 1687 1431 1690 ·

12 1738 46 1765 25
66 1731 159 1768 erat
190 1727 330 1769 oneris
361 1727 406 1768 in
436 1727 580 1768 nautis
611 1727 929 1782 remigibusque
961 1726 1196 1781 exigendis,
1233 1727 1278 1768 in
1308 1727 1395 1768 fru-

64 1789 209 1828 mento
247 1786 519 1841 imperando,
563 1784 808 1841 Segestanis
851 1788 1021 1839 praeter
1063 1788 1227 1827 ceteros
1263 1786 1397 1840 impo·

44 1846 206 1899 nebat,
231 1845 453 1899 aliquanto
474 1844 672 1899 amplius,
702 1859 829 1899 quam
848 1844 960 1885 ferre
980 1847 1167 1899 possent.
1204 1844 1396 1885 Praeter·

65 1918 115 1945 ea
157 1904 439 1958 magistratus
484 1918 630 1945 eorum
673 1903 896 1956 evocabat,
941 1903 1152 1957 optimum
1188 1917 1395 1969 quemque

65 1965 108 2004 et
138 1962 455 2004 nobilissimum
487 1962 540 2003 ad
572 1976 616 2003 se
649 1962 904 2016 arcessebat,
936 1962 1093 2003 circum
1127 1962 1271 2003 omnia
1302 1977 1396 2017 pr-o

12 2032 45 2058 3⁰
64 2022 227 2063 vinciae
246 2020 341 2063 fora
366 2021 574 2075 rapiebat,
601 2020 857 2076 singillatim
883 2021 956 2061 uni
982 2020 1131 2075 cuique
1158 2021 1395 2062 calamitati

63 2080 156 2122 fore
194 2094 238 2121 se
273 2080 570 2133 denuntiabat,
606 2079 814 2120 universis
848 2093 892 2120 se
924 2079 1116 2120 funditus
1149 2093 1395 2121 eversurum

65 2139 194 2191 [esse]
237 2138 359 2180 illam
401 2138 620 2180 civitatem
658 2138 914 2179 minabatur.
976 2137 1127 2192 Itaque
1166 2138 1394 2192 aliquando

63 2197 212 2239 multis
238 2197 364 2239 malis
390 2211 632 2253 magnoque
658 2199 776 2238 metu
801 2196 902 2237 victi
930 2196 1154 2252 Segestani
1185 2197 1414 2251 praetoris·

37 2279 39 2281 ·
63 2255 243 2312 imperio
264 2256 498 2310 parendum
521 2270 613 2297 esse
640 2255 927 2297 decreverunt.
970 2255 1130 2311 Magno
1158 2270 1252 2297 cum
1279 2256 1397 2297 luctu

13 2325 46 2351 8⁵
66 2317 108 2356 et
151 2315 315 2370 gemitu
357 2315 492 2356 totius
536 2313 740 2368 civitatis,
786 2314 934 2355 multis
980 2329 1075 2356 cum
1113 2314 1315 2356 lacrumis
1355 2317 1398 2355 et

64 2373 443 2415 lamentationibus
464 2373 653 2415 virorum
673 2372 985 2427 mulierumque
1009 2373 1199 2415 omnium
1226 2373 1398 2414 simula-

64 2446 182 2474 crum
214 2432 377 2474 Dianae
408 2432 645 2473 tollendum
678 2431 854 2473 locatur.
