1685 2574
149 946 188 976 17

167 1563 191 1624 „Q

153 2175 193 2205 19

213 130 268 172 38
437 129 531 164 PRO
559 128 659 163 SEX.
686 128 856 163 ROSCIO
882 127 1103 162 AMERINO
1131 127 1311 164 ORATIO

212 225 427 281 proximo,
468 240 564 267 cum
603 224 793 265 omnium
823 223 1035 265 nobilium
1068 223 1255 279 dignitas
1290 227 1332 266 et
1364 225 1478 267 salus
1511 226 1556 267 in

215 285 442 326 discrimen
474 284 650 336 veniret,
681 284 852 336 praeter
884 284 1047 323 ceteros
1073 282 1119 323 in
1145 297 1194 324 ea
1218 282 1440 325 vicinitate
1462 298 1555 325 eam

214 345 383 399 partem
415 355 672 395 causamque
705 355 846 395 opera,
879 341 1032 394 studio,
1068 341 1324 383 auctoritate
1357 341 1555 384 defendit.

214 402 388 444 Etenim
403 404 565 442 rectum
580 399 764 454 putabat
777 414 854 453 pro
876 413 1022 440 eorum
1042 399 1267 441 honestate
1289 415 1332 441 se
1352 414 1557 456 pugnare,

214 463 392 516 propter
425 473 530 514 quos
562 459 653 513 ipse
685 457 1015 498 honestissimus
1041 457 1153 499 inter
1180 472 1278 500 suos
1305 460 1556 501 numeraba—
1575 478 1590 504 5
1653 454 1656 520 Ι

214 524 296 560 tur.
357 519 646 571 Posteaquam
678 516 859 557 victoria
890 517 1126 558 constituta
1159 519 1224 558 est
1256 517 1308 558 ab
1343 518 1557 572 armisque

215 577 480 630 recessimus,
507 591 601 617 cum
625 575 994 630 proscriberentur
1012 575 1207 616 homines
1229 578 1357 630 atque
1378 591 1427 617 ex
1442 577 1557 617 omni

216 637 390 691 regione
417 637 670 689 caperentur
696 634 738 687 ii,
766 634 838 688 qui
864 634 1097 675 adversarii
1123 634 1255 675 fuisse
1282 635 1558 689 putabantur,

218 697 308 735 erat
352 694 426 734 ille
472 694 633 735 Romae
674 692 873 746 frequens
919 695 1046 746 atque
1089 693 1133 733 in
1172 692 1267 734 foro
1313 695 1355 733 et
1398 693 1443 734 in
1487 708 1558 735 ore

216 752 407 794 omnium
432 752 586 794 cotidie
612 751 877 805 versabatur,
909 751 1048 806 magis
1075 754 1122 792 ut
1155 752 1346 792 exultare
1377 751 1558 793 victoria
1579 771 1608 797 ιο

214 811 458 854 nobilitatis
486 811 702 851 videretur
729 825 858 864 quam
883 810 1047 863 timere,
1078 824 1130 851 ne
1157 810 1259 863 quid
1286 824 1335 850 ex
1368 824 1417 851 ea
1449 811 1558 852 cala-

216 871 381 912 mitatis
416 869 498 910 sibi
531 869 750 911 accideret.

304 929 444 971 Erant
481 928 519 969 ei
556 930 721 969 veteres
758 927 1007 969 inimicitiae
1049 942 1144 969 cum
1189 927 1354 969 duobus
1392 927 1559 970 Rosciis

215 987 446 1040 Amerinis,
479 1001 659 1041 quorum
687 987 869 1028 alterum
897 987 1041 1027 sedere
1066 986 1112 1027 in
1139 989 1437 1028 accusatorum
1464 987 1559 1028 sub-

217 1047 351 1088 selliis
390 1046 532 1099 video,
570 1045 753 1087 alterum
791 1046 876 1086 tria
913 1045 1087 1086 huiusce
1125 1045 1301 1099 praedia
1341 1045 1558 1099 possidere
1578 1064 1607 1089 15
1668 1063 1683 1069 ·⁴

217 1106 361 1159 audio3
395 1119 501 1159 quas
527 1104 774 1145 inimicitias
802 1104 837 1144 si
870 1107 960 1144 tam
993 1117 1142 1144 cavere
1174 1104 1398 1158 potuisset,
1431 1119 1559 1158 quam

216 1167 406 1205 metuere
433 1163 612 1216 solebat,
643 1163 818 1203 viveret.
867 1162 1015 1216 Neque
1046 1162 1170 1215 enim,
1202 1162 1372 1216 iudices,
1404 1162 1560 1204 iniuria

216 1223 446 1264 metuebat.
496 1221 609 1263 Nam
637 1221 718 1262 duo
745 1221 818 1262 isti
847 1224 948 1261 sunt
973 1220 1018 1261 T.
1039 1220 1182 1262 Roscii
1209 1219 1410 1275 (quorum
1436 1221 1562 1262 alteri

221 1281 419 1336 Capitoni
450 1295 688 1335 cognomen
721 1282 797 1332 est,
828 1280 921 1330 iste,
955 1279 1027 1333 qui
1059 1279 1193 1333 adest,
1223 1279 1407 1334 Magnus
1440 1295 1562 1321 voca-

219 1338 308 1395 tur)
340 1339 536 1381 homines
570 1339 658 1380 eius
692 1338 823 1379 modi:
863 1338 972 1379 alter
1003 1338 1286 1392 plurimarum
1318 1339 1560 1392 palmarum
1578 1356 1606 1381 27

216 1402 340 1440 vetus
380 1413 428 1439 ac
464 1397 623 1439 nobilis
658 1397 874 1452 gladiator
907 1397 1108 1449 habetur,
1149 1397 1218 1438 liic
1251 1400 1395 1438 autem
1426 1411 1560 1452 nuper

219 1472 262 1499 se
307 1456 360 1498 ad
398 1471 493 1497 eum
525 1456 730 1497 lanistam
768 1455 968 1509 contulit,
1009 1455 1157 1509 quique
1194 1458 1293 1496 ante
1336 1456 1446 1497 hanc
1489 1471 1561 1510 pu·

219 1530 349 1571 gnam
381 1515 464 1556 tiro
499 1517 622 1568 esset,
654 1513 768 1568 quod
800 1514 943 1568 sciam,
974 1513 1100 1555 facile
1131 1514 1272 1568 ipsum
1305 1514 1561 1570 magistrum

220 1575 377 1616 scelere
411 1574 671 1627 audaciaque
704 1573 934 1627 superavit.
984 1572 1097 1614 Nam
1130 1588 1226 1614 cum
1257 1573 1327 1615 hic
1359 1572 1452 1615 Sex,
1477 1573 1561 1614 Ro-

220 1633 330 1675 scius
369 1636 483 1674 esset
524 1632 741 1681 Ameriae,
778 1631 824 1672 T.
864 1634 1006 1672 autem
1044 1632 1126 1672 iste
1164 1631 1343 1673 Roscius
1387 1632 1561 1686 Romae,
1578 1648 1605 1675 25

218 1707 313 1734 cum
351 1691 422 1733 hic
458 1691 572 1732 filius
612 1690 807 1731 assiduus
846 1690 890 1730 in
927 1690 1113 1744 praediis
1152 1693 1265 1731 esset
1304 1705 1484 1744 cumque
1517 1704 1560 1732 se

222 1751 442 1792 voluntate
462 1750 598 1804 patris
620 1749 680 1789 rei
700 1749 905 1789 familiari
929 1749 1127 1803 vitaeque
1152 1749 1338 1790 rusticae
1365 1749 1561 1802 dedisset,

219 1810 311 1863 ipse
339 1811 483 1850 autem
508 1808 708 1861 frequens
735 1807 898 1848 Romae
925 1810 1049 1861 esset,
1076 1807 1282 1849 occiditur
1308 1807 1360 1848 ad
1386 1808 1560 1849 balneas

218 1867 461 1908 Pallacinas
511 1866 677 1907 rediens
718 1881 742 1906 a
780 1881 883 1907 cena
930 1864 1021 1907 SeX.
1066 1865 1258 1908 Roscius.
1327 1864 1459 1920 Spero
1513 1880 1561 1907 ex

217 1927 299 1968 hoc
331 1927 425 1980 ipso
458 1940 545 1966 non
577 1940 667 1966 esse
701 1925 941 1978 obscurum,
974 1925 1026 1966 ad
1059 1940 1182 1978 quem
1217 1925 1401 1980 suspicio
1434 1925 1558 1966 male·
1576 1939 1606 1966 80
1650 1942 1654 1950 ·

218 1985 304 2026 ficii
336 1984 568 2038 pertineat3
600 1999 748 2024 verum
780 1983 834 2037 id,
867 1983 979 2037 quod
1012 1983 1148 2025 adhuc
1178 1986 1242 2025 est
1269 1984 1560 2038 suspiciosum,

218 2043 302 2084 nisi
332 2043 603 2097 perspicuum
636 2057 703 2083 res
735 2043 831 2096 ipsa
861 2041 1022 2096 fecerit,
1054 2042 1166 2084 hunc
1199 2042 1381 2084 adfinem
1414 2043 1560 2097 culpae

219 2102 464 2143 iudicatote.

310 2160 459 2202 Occiso
481 2158 573 2201 Sex.
593 2159 749 2201 Roscio
770 2159 935 2214 primus
957 2159 1178 2201 Ameriam
1197 2160 1369 2201 nuntiat
1388 2159 1559 2201 Mallius
1629 2176 1631 2199 ι

222 2219 401 2260 Glaucia
445 2219 635 2273 quidam,
679 2219 808 2260 homo
854 2218 1012 2272 tenuis,
1057 2219 1300 2272 libertinus,
1346 2219 1476 2260 cliens
1520 2219 1560 2258 et
1577 2233 1629 2269 3'·½
1660 2235 1668 2247 v

220 2277 446 2318 familiaris
476 2278 601 2318 istius
628 2278 674 2318 T.
700 2277 840 2331 Rosci,
874 2280 915 2318 et
947 2277 1118 2318 nuntiat
1152 2277 1324 2332 domum
1357 2291 1443 2318 non
1473 2275 1560 2328 filii,

221 2335 294 2376 scd
322 2335 367 2376 T.
396 2336 617 2390 Capitonis
651 2336 828 2389 iuimici3
863 2339 903 2376 ct
937 2350 1031 2377 cum
1064 2338 1163 2389 post
1195 2335 1346 2377 horam
1379 2335 1560 2390 primam

1637 1622 1646 1666 Ἠ-
1639 1555 1641 1561 2

1634 1819 1637 1864 ἔ

1641 1326 1648 1366 9-
