1675 2574
513 103 614 137 CAP.
644 106 779 137 17—19
805 106 824 145 ς
850 106 998 138 56—62.
1319 144 1322 147 ,
1367 102 1418 143 19

80 199 124 241 id
163 198 268 253 egit,
313 200 361 238 ut
399 198 558 239 amicos
599 197 890 250 observantia,
927 211 1018 238 rem
1055 196 1322 251 parsimonia
1359 211 1421 238 re-

79 257 255 310 tineret;
275 256 498 310 antiquam
517 256 647 297 officii
665 256 876 297 rationem
898 255 1058 309 dilexit,
1078 255 1196 297 cuius
1218 255 1421 309 splendor

81 315 217 357 omnis
262 314 329 355 his
375 315 564 356 moribus
610 315 834 356 obsolevit.
896 314 957 355 At
1003 314 1039 355 si
1077 314 1121 354 in
1160 327 1288 354 causa
1325 314 1419 368 pari

80 372 292 414 discedere
330 372 508 414 inferior
544 372 778 426 videretur,
816 375 962 414 tamen
1000 375 1113 419 esset
1144 386 1231 413 non
1264 371 1420 413 medio-

42 432 208 474 bcriter
240 431 602 485 conquerendum3
638 445 750 472 nunc
786 431 830 471 in
870 445 998 472 causa
1037 430 1255 485 superiore
1286 444 1340 471 ne
1372 432 1420 471 ut

77 504 156 545 par
197 489 365 544 quidem
410 490 466 530 sit
507 490 717 544 postulat,
759 489 1006 530 inferiorem
1047 503 1138 530 0330
1175 502 1216 531 se
1253 488 1420 543 patitur

78 548 303 590 dumtaxat
338 562 470 602 usque
503 562 570 600 eo,
607 561 660 588 ne
693 562 788 588 cum
821 548 963 601 bonis,
999 547 1117 589 fama
1146 547 1419 601 fortunisque

77 607 276 649 omnibus
310 604 401 647 Sex.
429 581 570 647 Naevi
607 605 831 660 cupiditati
866 581 1195 661 crudelitatique
1228 606 1418 647 dedatur.

165 665 320 718 Docui,
371 664 482 730 quod
526 664 712 718 piimum
756 664 976 718 pollicitus
1022 679 1133 719 sum,
1178 663 1223 706 O.
1259 664 1419 718 Aquili,
1437 646 1490 728 1653)

78 738 249 766 causam
271 723 455 773 omnino,
482 737 556 764 cur
581 722 835 777 postulaiet,
860 737 946 764 non
972 723 1118 778 fuisse,
1144 723 1257 777 quod
1282 737 1420 789 neque

76 782 257 838 pecunia
277 756 514 823 debebatur
534 783 588 834 et,
615 781 651 821 si
671 781 855 822 maxime
878 781 1116 835 deberetui,
1143 782 1420 823 commissum

76 841 184 882 nihil
230 843 361 894 esset,
412 854 541 894 quare
586 839 638 880 ad
681 840 812 880 istam
856 840 1068 881 rationem
1112 840 1418 895 perveniretur.

79 899 266 940 Attende
286 913 397 940 nunc
418 913 467 939 ex
489 898 627 939 edicto
653 898 866 952 praetoris
895 899 1008 939 bona
1028 899 1072 939 P.
1088 897 1259 947 Quincti
1285 898 1423 952 possi-

78 958 167 999 deri
192 958 312 999 nullo
340 957 466 998 modo
492 956 696 1012 potuisse.
741 955 905 998 Tracta
925 957 1121 998 edictum.
1167 956 1250 1005 QUI
1277 969 1420 998 FRAU-

77 1028 297 1058 DATIONIS
342 1027 485 1058 CAUSA
528 1027 791 1056 LATrrARlT.
856 1014 956 1056 Non
1001 1018 1066 1056 est
1102 1016 1140 1056 is
1178 1014 1421 1069 Quinctius3

75 1075 161 1116 nisi
182 1075 218 1115 31
245 1075 434 1127 latitant,
464 1074 536 1128 qui
563 1074 614 1115 ad
640 1074 863 1128 negotium
891 1088 1014 1116 suum
1040 1074 1190 1115 relicto
1217 1089 1420 1128 procura-

76 1135 169 1175 tore
194 1133 534 1188 proficiscuntur.
586 1143 661 1174 cm
687 1144 833 1174 HEREs
861 1144 958 1174 NON
989 1144 1230 1174 EXSTABIT.
1285 1132 1351 1173 Ne
1382 1132 1419 1173 is

78 1192 259 1246 quidem.
305 1203 384 1241 QUI
411 1203 580 1233 EXSILII
609 1202 755 1232 CAUSA
781 1202 934 1233 SOLUM
967 1203 1208 1232 VERTERIT.
1252 1190 1354 1232 Dici
1378 1191 1423 1232 id

76 1265 159 1292 non
189 1253 329 1304 potest.
394 1250 506 1302 QUI
537 1249 781 1291 ABSENS
815 1249 1061 1292 IUDIGIO
1092 1248 1422 1292 DEFENSUS

76 1308 210 1351 NON
234 1309 280 1350 F
285 1308 481 1351 UERIT.
543 1307 634 1357 Quo
673 1309 867 1363 tempore
906 1309 1128 1350 existimas
1164 1308 1421 1363 oportuisse,

75 1367 226 1421 Naevi,
247 1367 469 1409 absentem
488 1367 735 1416 Quinctium
753 1367 920 1408 defendi
939 1370 1013 1408 aut
1034 1382 1116 1422 quo
1138 1367 1294 1408 modo?
1315 1369 1420 1420 tum,

78 1441 172 1468 cum
211 1426 482 1481 postulabas,
519 1428 568 1466 ut
606 1426 720 1466 bona
758 1425 1030 1480 possideres?
1092 1425 1231 1467 Nemo
1265 1425 1420 1479 adfuit3

76 1499 213 1539 neque
234 1485 346 1525 enim
368 1484 595 1538 quisquam
617 1483 807 1525 divinare
827 1487 999 1539 poterat
1018 1486 1062 1525 te
1084 1484 1420 1539 postulaturum,

76 1558 213 1597 neque
247 1557 506 1597 quemquam
540 1543 753 1583 attinebat
784 1542 826 1583 id
858 1557 1066 1596 recusare,
1100 1542 1213 1597 quod
1245 1545 1420 1597 praetor

75 1616 161 1643 non
179 1602 282 1655 fieri,
303 1601 375 1642 sed
392 1615 441 1642 cx
458 1601 596 1642 edicto
615 1615 691 1642 suo
708 1601 800 1641 fieri
820 1601 1008 1642 iubebat.
1042 1600 1124 1649 Qui
1144 1601 1263 1643 locus
1284 1601 1421 1656 igitur
1446 1609 1486 1641 61

76 1660 268 1702 absentis
291 1659 541 1700 defendendi
560 1659 831 1713 procuratori
852 1660 1017 1714 primus
1038 1659 1163 1700 datus
1185 1659 1279 1700 est?
1313 1658 1420 1701 Cum

73 1718 387 1774 proscribebas.
447 1718 567 1773 Ergo
607 1717 762 1771 adfuit,
804 1732 892 1759 non
928 1732 1081 1773 passus
1122 1720 1204 1770 est,
1245 1717 1418 1759 libellos

0 1778 15 1812 '·=
76 1777 226 1819 deiecit
265 1775 358 1818 Sex.
390 1776 591 1829 Alfenus,
636 1776 707 1830 qui
745 1777 910 1831 primus
949 1780 1042 1818 erat
1080 1776 1210 1818 officii
1248 1777 1419 1832 gradus,

77 1839 272 1878 servatus
306 1838 371 1877 est
404 1851 428 1876 a
460 1838 739 1890 procuratore
772 1849 940 1876 summa
972 1850 1067 1877 cum
1101 1835 1340 1890 diligentia.

162 1894 414 1947 Videamus,
449 1908 555 1947 quae
589 1894 739 1935 deinde
770 1894 859 1934 'sint
891 1896 1130 1936 consecuta.
1186 1893 1418 1935 Hominem

73 1953 118 1995 P.
153 1952 325 2002 Quincti
364 1952 644 2006 deprehendis
683 1953 727 1993 in
759 1953 951 2007 publico,
990 1952 1157 1995 conaris
1191 1952 1418 2007 abducere3

0 2011 8 2050 ’1
72 2027 158 2054 11011
184 2012 350 2067 patitur
370 2011 570 2064 Alfenus,
602 2011 644 2052 vi
676 2011 757 2052 tibi
790 2011 958 2064 adimit,
990 2014 1129 2064 curat,
1161 2013 1210 2052 ut
1243 2011 1417 2052 domum

2 2068 8 2108 ’ἓ
73 2072 301 2112 reducatur
336 2070 389 2111 ad
421 2069 679 2118 Quinctium.
734 2068 816 2111 Hic
849 2084 1016 2123 quoque
1049 2084 1213 2110 summe
1246 2072 1417 2111 constat

0 2142 10 2168 z
71 2129 365 2185 procuratoris
382 2128 601 2184 diligentis
624 2127 823 2169 officium.
856 2128 1023 2169 Debere
1043 2128 1124 2169 tibi
1145 2128 1248 2169 dicis
1265 2127 1416 2176 Quinc-

0 2201 10 2227 *ae
74 2189 201 2243 tium,
239 2191 493 2253 procurator
524 2190 675 2242 negat3
712 2186 861 2228 vadari
891 2187 974 2241 vis,
1005 2186 1240 2242 promittit3
1272 2186 1317 2227 in
1347 2186 1414 2228 ius

0 2246 10 2287 ι’
73 2261 213 2301 vocas,
240 2246 450 2301 sequitU13
481 2246 684 2287 iudicium
713 2246 923 2300 postulas,
953 2259 1040 2286 non
1066 2248 1246 2287 r.ecusat
1303 2244 1414 2294 Quid

0 2315 11 2345 t
75 2306 189 2347 aliud
211 2306 267 2346 sit
293 2305 514 2347 absentem
542 2304 721 2359 defendi,
751 2319 830 2360 ego
856 2319 943 2346 non
967 2304 1188 2378 intellego.
1231 2303 1292 2345 At
1318 2318 1412 2359 quis
1440 2311 1483 2342 62
