1618 2584
379 229 466 262 ΜΒ.
496 229 508 262 Ι
566 228 668 263 CAP.
696 232 752 272 38,
779 233 821 262 39
850 232 868 270 3
895 231 1067 262 95—101.
1311 226 1391 266 177

53 326 270 367 satoribus
298 324 550 365 Dolabellae
578 324 829 377 obsignatas
858 324 1034 376 diceret,
1066 322 1243 376 proinde
1272 322 1394 376 quasi

54 383 318 426 exscribendi
361 386 623 437 potestatem
665 398 749 423 non
788 383 977 423 liaberet.
1046 380 1172 422 Solus
1212 384 1277 421 est
1314 381 1394 433 liic,

55 443 127 497 qui
158 457 392 495 numquam
425 442 613 482 rationes
647 442 697 482 ad
733 442 943 482 aerarium
977 440 1146 481 referat.
1197 440 1392 480 Audistis
1410 437 1464 477 39

56 501 347 555 quaestoriam
383 501 594 541 rationem
628 501 766 540 tribus
799 500 1021 541 versiculis
1054 500 1249 551 relatam,
1281 499 1394 552 lega-

19 560 184 600 5tionis
222 573 309 599 non
346 559 430 599 nisi
469 559 750 600 condemnato
791 561 832 599 et
871 559 1004 600 eiecto
1039 572 1104 611 eo,
1144 557 1216 611 qui
1248 559 1396 611 posset

54 618 380 672 reprehendere,
423 632 534 658 nunc
573 618 751 670 donique
790 620 1035 671 praeturae3
1080 631 1207 670 quam
1246 630 1295 656 ex
1335 630 1397 656 se-

53 680 181 718 natus
223 677 419 717 consulto
460 676 608 716 statim
648 675 805 716 referre
844 676 1007 728 debuit,
1052 689 1186 729 usque
1224 675 1278 715 ad
1313 673 1397 714 1100

54 740 223 789 tempus
262 749 348 775 non
386 735 566 775 rettulit,
629 733 887 781 Quaestores
927 749 1018 775 sese
1055 734 1101 774 in
1140 736 1291 774 senatu
1327 747 1395 773 ex-
1423 747 1467 777 99

54 797 224 849 pectare
269 793 392 845 dixit,
436 792 614 846 proinde
658 793 781 846 quasi
824 807 927 846 non,
970 795 1018 833 ut
1064 795 1266 846 quaestor
1305 791 1396 832 sine

5 865 35 889 10
55 856 253 908 praetore
285 852 425 905 possit
458 851 669 892 rationem
701 850 859 891 referre
893 850 959 905 (ut
991 854 1056 903 tu,
1092 850 1317 901 Hortensi,
1349 852 1398 889 ut

55 909 240 966 omnes),
279 911 427 951 eodem
466 909 590 950 modo
632 910 721 949 sine
761 913 988 963 quaestore
1027 913 1212 962 praetor.
1276 909 1398 949 Dixit

54 971 166 1012 idem
206 969 479 1010 Dolabellam
518 968 784 1022 impetrasse.
847 967 983 1009 Omen
1021 968 1160 1022 magis
1199 968 1397 1021 patribus

55 1029 309 1082 conscriptis
343 1042 471 1081 quam
505 1042 632 1068 causa
664 1027 841 1081 placuit3
876 1027 1179 1080 probaverunt.
1237 1026 1398 1066 Verum

56 1090 305 1143 quaestores
333 1101 498 1140 quoque
525 1086 609 1127 iam
637 1086 803 1140 pridem
836 1088 1062 1138 venerunt,
1094 1100 1167 1126 0111·
1198 1099 1285 1126 11011
1317 1088 1399 1125 ret-

3 1158 35 1183 15
55 1146 224 1188 tulisti?
269 1145 449 1186 Illarum
470 1145 685 1186 rationum
713 1159 762 1184 ex
796 1159 845 1185 ea
870 1144 986 1185 faece
1014 1144 1244 1199 legationis
1272 1157 1398 1197 quae-

56 1206 299 1258 storiaeque
338 1207 436 1245 tuae
472 1204 785 1257 procurationis
818 1203 896 1243 illa
928 1206 1028 1244 sunt
1058 1203 1251 1254 nomina,
1291 1217 1399 1255 quae

55 1264 310 1306 Dolabellae
360 1262 599 1303 necessario
646 1265 745 1302 sunt
795 1262 1035 1302 aestimata.
1068 1285 1070 1287 ·
1109 1261 1175 1301 Ex
1217 1272 1398 1302 LITIBUS

56 1334 329 1364 AES'HMATIS
351 1321 667 1363 DOLABELLAE
689 1333 757 1361 PR.
779 1333 835 1361 ET
859 1332 946 1363 PRO
968 1333 1054 1361 PR:
1083 1319 1206 1369 Quod
1232 1320 1372 1360 minus
1404 1328 1469 1359 100

56 1382 287 1423 Dolabella
321 1380 447 1422 Veni
486 1382 707 1444 acceptum
746 1380 932 1433 rettulit,
979 1394 1107 1433 quam
1139 1378 1296 1419 Verres
1334 1378 1401 1418 illi

4 1453 37 1477 20
58 1455 289 1495 expensum
309 1440 471 1492 tulerit,
498 1438 725 1493 1110111110
729 1442 827 1479 01111
849 1439 935 1490 trio·
939 1439 1031 1478 inta
1055 1438 1240 1491 quinque
1268 1437 1400 1490 milia,

58 1503 100 1541 et
133 1500 244 1553 quod
278 1499 372 1552 plus
405 1498 507 1539 fecit
538 1497 769 1538 Dolabella
796 1475 975 1537 Verrem
1007 1496 1237 1550 accepisse,
1271 1510 1400 1550 quam

57 1559 139 1599 iste
177 1558 221 1598 in
260 1558 346 1598 suis
380 1556 541 1597 tabulis
574 1556 743 1608 habuit,
782 1554 854 1596 HS
888 1556 1069 1596 ducenta
1101 1555 1284 1610 triginta
1318 1554 1400 1595 duo

58 1617 196 1669 milia,
240 1619 282 1657 et
328 1615 440 1670 quod
484 1615 580 1669 plus
621 1614 827 1655 frumenti
864 1614 965 1655 fecit
1004 1614 1217 1667 accepisse
1256 1613 1400 1666 istum,

58 1675 130 1717 HS
152 1675 319 1716 deciens
341 1677 383 1715 et
411 1674 659 1728 octingenta
686 1673 817 1725 milia,
845 1673 957 1727 quod
983 1676 1030 1713 tu
1055 1672 1185 1713 homo
1213 1672 1400 1713 castissi-

5 1745 40 1770 25
60 1749 153 1775 111113
193 1733 308 1774 aliud
346 1733 389 1773 in
427 1733 588 1773 tabulis
624 1732 827 1772 habebas.
889 1731 1002 1772 Hinc
1034 1732 1136 1772 illae
1169 1730 1402 1772 extraordi-

58 1793 204 1834 nariae
249 1792 471 1846 pecuniae,
516 1805 621 1845 quas
666 1791 785 1831 nullo
829 1791 932 1831 duce
977 1793 1124 1830 tamen
1165 1790 1310 1843 aliqua
1352 1804 1402 1829 ex

58 1852 274 1906 particula
310 1850 641 1904 investigamus,
680 1849 989 1901 redundarunt,
1027 1849 1126 1889 hinc
1160 1848 1272 1889 ratio
1306 1863 1402 1889 011111

60 1911 105 1959 Q.
133 1913 174 1951 et
207 1909 282 1951 Cn.
306 1909 525 1950 Postumis
554 1908 713 1949 Curtiis
746 1908 895 1949 multis
927 1907 1186 1960 nominibus,
1220 1921 1400 1961 quorum

59 1970 103 2010 in
129 1969 289 2009 tabulis
319 1968 401 2009 iste
432 1968 565 2008 habet
596 1967 781 2020 nullum3
813 1967 912 2008 hinc
943 1965 1016 2007 HS
1050 1968 1201 2020 quater
1235 1966 1402 2006 deciens

6 2040 39 2065 30
59 2027 104 2070 P.
125 2028 258 2069 Tadio
287 2029 559 2068 numeratum
586 2026 771 2066 Athenis
801 2026 984 2066 testibus
1017 2025 1196 2079 planum
1227 2024 1403 2077 faciam3

59 2087 158 2128 hinc
197 2089 342 2140 empta
376 2085 647 2140 apertissime
680 2087 899 2138 praetura,
936 2084 1020 2125 nisi
1052 2085 1164 2125 forte
1196 2083 1239 2123 id
1272 2084 1402 2123 etiam

61 2145 234 2186 dubium
263 2148 339 2197 est,
373 2159 456 2198 quo
484 2144 609 2184 modo
636 2143 717 2183 iste
744 2146 918 2197 praetor
943 2143 1083 2184 factus
1111 2143 1179 2183 sit.
1236 2142 1377 2182 Homo
1409 2148 1470 2180 101

61 2205 223 2245 scilicet
262 2207 337 2244 aut
374 2202 585 2243 industria
624 2204 697 2242 aut
735 2217 865 2255 opera
902 2202 1088 2256 probata
1120 2203 1194 2241 aut
1225 2200 1403 2255 frugali—

61 2263 164 2303 tatis
193 2262 510 2303 existimatione
543 2262 764 2315 praeclara
796 2263 871 2301 aut
903 2261 1095 2314 denique,
1127 2259 1170 2299 id
1203 2259 1316 2312 quod
1348 2259 1404 2299 le-

9 2332 41 2356 35
62 2321 284 2362 vissimum
321 2324 404 2375 est,
444 2320 715 2369 assiduitate,
755 2319 827 2373 qui
866 2322 965 2360 ante
999 2321 1275 2372 quaesturam
1308 2332 1403 2358 cum

62 2381 356 2421 meretricibus
407 2379 718 2432 lenonibusque
770 2377 964 2429 vixisset,
1016 2379 1291 2431 quaesturam
1342 2377 1403 2417 ita

62 2438 281 2493 gessisset,
320 2453 446 2493 quem
487 2438 538 2479 ad
576 2438 749 2478 modum
788 2436 1071 2491 cognovistis,
1109 2435 1272 2476 Romae
1304 2438 1404 2489 post

131 2513 201 2540 010.
221 2514 262 2539 11.
286 2516 307 2540 1.
1074 2508 1116 2537 12
