1675 2574
484 78 586 114 CAP.
614 83 750 115 25—27
778 83 796 122 g
822 83 971 115 80—85.
1339 81 1394 123 27

55 190 82 218 a
119 174 206 216 suis
241 173 306 215 dis
335 174 566 229 penatibus
598 189 801 230 praeceps
833 175 1009 227 eiectus,
1047 175 1150 226 iam,
1190 176 1303 229 quod
1334 176 1394 217 in-

54 231 354 289 dignissimum
399 235 481 286 est,
525 247 700 275 suorum
744 247 962 275 servorum
1005 234 1204 274 manibus
1242 236 1393 276 nuntio

55 293 182 345 atque
225 290 406 345 imperio
451 294 526 333 tuo
570 292 757 333 violatus
803 294 928 334 esset.
997 290 1244 347 Corrigeres
1288 292 1394 334 haec

54 349 216 392 scilicet
252 351 300 390 tu
337 352 500 404 postea.
560 349 625 391 De
662 351 911 404 cuiusquam
948 349 1040 392 vita
1077 350 1214 392 dicere
1252 351 1394 403 audes,

20 421 37 446 5
55 407 128 463 qui
151 407 232 448 hoc
257 408 464 449 concedas
489 422 660 450 necesse
687 411 764 462 est,
796 410 858 450 ita
882 411 925 450 te
956 423 1127 451 caecum
1159 409 1393 463 cupiditate

55 468 98 507 et
122 465 304 507 avaritia
327 465 473 520 fuisse,
504 470 564 520 ut,
596 481 704 519 cum,
735 469 887 521 postea
913 467 1014 521 quid
1042 466 1235 508 futurum
1268 470 1393 521 esset,

53 524 293 580 ignorares,
326 524 514 565 accidere
541 527 685 565 autem
716 525 855 566 multa
886 528 1081 580 possent,
1113 540 1233 581 spem
1265 527 1394 568 male-

53 582 138 624 ficii
155 583 395 636 praesentis
416 583 460 623 in
479 583 642 624 incerto
669 583 823 637 reliqui
849 585 1056 638 temporis
1083 587 1238 626 eventu
1264 585 1393 626 collo-

53 641 201 683 cares?
261 640 405 695 Atque
448 641 552 682 haec
594 641 769 695 perinde
807 642 977 696 loquor,
1023 642 1146 697 quasi
1183 643 1277 697 ipso
1314 644 1392 684 illo

20 701 257 765 otempore,
289 714 384 740 cum
409 702 453 740 te
477 702 652 754 praetor
682 699 879 740 iussisset
911 715 961 741 ex
993 701 1130 743 edicto
1162 701 1393 756 possidere,

24 793 28 796 «
53 757 91 800 si
119 757 165 798 in
194 758 511 812 possessionem
542 757 752 811 misisses,
790 758 985 799 debueris
1018 762 1093 800 aut
1124 760 1314 814 potueris
1347 759 1392 801 P.

53 815 297 865 Quinctium
329 816 379 857 de
410 816 680 870 possessione
712 817 951 858 deturbare

54 932 214 988 spicere
250 933 390 988 possit
426 933 471 974 in
501 933 582 974 hac
613 948 741 975 causa
772 933 1097 988 improbitatem
1130 937 1172 975 et
1205 935 1392 990 gratiam

55 1006 150 1034 cum
187 991 334 1046 inopia
369 994 412 1033 et
442 991 625 1033 veritate
658 992 924 1033 contendere.
978 992 1160 1034 Praetor
1191 995 1234 1034 te
1268 1008 1393 1047 quem

55 1050 107 1092 ad
126 1050 299 1091 modum
319 1050 538 1105 possidere
557 1050 714 1091 iussit?
747 1050 922 1104 Opinor,
945 1065 995 1091 ex
1016 1051 1166 1092 edicto.
1211 1049 1394 1105 Sponsio

54 1123 161 1163 quae
197 1108 243 1149 in
278 1109 411 1150 verba
447 1108 563 1150 facta
600 1109 695 1150 est‘?
751 1120 792 1150 SI
829 1121 890 1150 Ex
928 1120 1103 1150 EDICTO
1141 1121 1394 1153 PRAETORIS

51 1178 178 1209 BONA
208 1179 247 1208 P.
274 1178 462 1217 QUINCTI
492 1178 713 1209 POSSESSA
750 1179 846 1209 NON
880 1179 1012 1209 SUNT.
1067 1166 1308 1209 Redeamus
1342 1168 1394 1210 ad

52 1225 249 1267 edictum.
297 1224 348 1266 Id
374 1225 544 1280 quidem
571 1240 696 1280 quem
723 1226 776 1266 ad
801 1226 976 1267 modum
1000 1226 1121 1267 iubet
1145 1227 1394 1281 possidere?

51 1283 273 1338 Numquid
303 1286 370 1325 est
401 1298 570 1337 causae,
609 1282 653 1325 C.
679 1284 847 1338 Aquili,
887 1284 1006 1338 quin,
1039 1284 1076 1325 si
1107 1285 1236 1340 longe
1268 1286 1395 1327 aliter

51 1342 254 1398 possedit,
282 1357 410 1396 quam
430 1345 604 1397 praetor
624 1343 766 1393 edixit,
791 1343 873 1384 iste
898 1357 948 1384 ex
975 1343 1113 1384 edicto
1138 1358 1226 1385 non
1250 1359 1394 1398 posse-

52 1401 178 1451 derit,
212 1415 291 1456 ego
325 1401 554 1455 sponsione
584 1400 790 1442 vicerim?
833 1400 974 1455 Nihil,
1007 1402 1171 1455 opinor.
1228 1401 1394 1458 Cogno-

52 1474 220 1502 scamus
241 1459 437 1501 edictum.
482 1471 562 1509 QUI
580 1471 642 1500 Ex
661 1470 832 1501 Echo
853 1471 949 1502 MEO
975 1472 1024 1501 IN
1050 1471 1393 1503 PossssssioNEM

51 1530 296 1560 VENERINT.
358 1517 423 1559 De
460 1520 503 1558 te
538 1518 746 1572 loquitur,
783 1517 940 1571 Naevi,
978 1532 1102 1572 quem
1136 1519 1189 1560 ad
1220 1520 1394 1561 modum

28 1579 100 1618 ·tu
136 1579 283 1631 putas3
327 1576 389 1617 ais
428 1576 541 1617 enim
577 1579 620 1617 te
659 1591 708 1617 ex
746 1576 884 1618 edicto
922 1576 1107 1630 venisse3
1151 1577 1248 1630 tibi,
1292 1578 1394 1632 quid

52 1635 204 1689 facias,
246 1635 410 1688 definit,
450 1637 493 1675 te
530 1634 737 1687 instituit,
776 1635 857 1675 tibi
893 1637 1124 1689 praecepta
1161 1635 1246 1676 dat.
1307 1648 1394 1679 EOS

53 1706 130 1736 ITA
166 1705 373 1735 VIDETUR
409 1705 457 1734 IN
493 1704 798 1735 POSSESSIONE
836 1704 946 1735 ESSE
986 1702 1240 1736 OPORTERE.
1302 1694 1394 1743 Quo

53 1752 210 1794 modo?
255 1763 380 1802 QUOD
408 1763 574 1793 IBIDEM
599 1764 746 1793 RECTE
772 1763 1032 1794 0031001110
1058 1763 1318 1806 POTERUNT,
1345 1766 1395 1803 111,

25 1817 27 1865 j
53 1822 219 1852 1B1DEM
238 1821 549 1864 CUSTODIANT3
570 1822 694 1860 QUOD
715 1821 812 1852 NON
832 1822 1091 1864 POTER-UNT,
1110 1823 1158 1852 11)
1179 1823 1393 1853 AUFERRE

54 1881 112 1910 ET
154 1880 399 1911 ABDUCERE
449 1880 644 1911 LICEBIT.
719 1868 829 1917 Quid
869 1869 993 1910 tum?
1046 1881 1285 1924 DOMINUM,
1335 1871 1395 1911 in-

55 1928 159 1983 quit,
189 1940 387 1969 INVITUM
417 1939 701 1969 DETRUDERE
733 1939 829 1970 NON
859 1939 1049 1969 PLACET.
1099 1927 1211 1969 Eum
1242 1929 1396 1983 ipsum,

24 1987 29 2011 ‘=
56 1986 127 2041 qui
153 1986 381 2028 fraudandi
412 2001 541 2027 causa
571 1986 733 2039 latitet,
766 2001 862 2027 eum
893 1986 1048 2040 ipsum,
1081 2001 1207 2040 quem
1239 1986 1394 2029 iudicio

54 2059 177 2086 nemo
204 2044 452 2098 defenderit,
484 2059 579 2085 eum
610 2045 764 2098 ipsum,
798 2044 871 2098 qui
903 2059 998 2085 cum
1031 2045 1230 2086 omnibus
1264 2046 1395 2087 credi-

25 2142 31 2158 ἦ
55 2103 220 2145 toribus
263 2103 349 2145 suis
388 2103 500 2144 male
539 2105 659 2158 agat,
702 2103 885 2144 invitum
925 2102 974 2143 de
1011 2103 1187 2157 praedio
1227 2103 1395 2145 detrudi

26 2163 31 2212 ‘j
55 2164 184 2203 veta-t.
237 2161 531 2203 Proficiscenti
558 2161 638 2202 tibi
663 2161 708 2202 in
738 2161 1054 2215 possessionem
1084 2164 1260 2216 praetor
1290 2163 1394 2217 ipse,

25 2218 33 2272 Ἰ,
56 2217 147 2262 Sex.
165 2220 315 2274 Naevi,
340 2221 486 2275 palam
510 2220 628 2261 dicit:
657 2219 740 2261 ‘Ita
767 2219 997 2274 possideto,
1022 2222 1072 2260 ut
1097 2223 1238 2262 tecum
1265 2221 1394 2262 simul

26 2278 273 2333 possideat
304 2277 544 2333 Quinctius,
576 2279 639 2320 ita
669 2278 901 2334 possideto,
931 2280 980 2319 ut
1013 2277 1212 2327 Quinctio
1243 2279 1308 2321 vis
1340 2295 1393 2321 ne

141 874 297 916 Omnia
328 877 444 927 sunt,
481 873 526 916 O.
553 874 719 929 Aquili,
761 875 850 916 eius
882 875 1016 928 modi,
1050 876 1189 929 quivis
1220 878 1270 918 ut
1300 891 1393 931 per·
1407 859 1464 941 {⁵}

1421 2171 1465 2202 85
