1618 2584
387 278 474 312 ΜΒ.
504 278 516 311 1
567 278 668 313 CAP.
699 283 834 313 18—-20
861 285 877 321 ἃ·
904 284 1053 313 47—53.
1319 279 1401 320 159

59 376 231 417 tabulas
252 375 383 427 1111116,
405 389 511 429 quae
535 375 657 429 signa
679 375 870 416 sustulit!
894 390 1001 430 quae
1023 375 1205 430 cognovi
1232 378 1403 430 egomet

62 435 172 489 apud
204 434 334 474 istum
367 433 412 473 in
445 433 619 474 aedibus
653 449 804 488 nuper,
843 450 937 475 cum
971 433 1228 489 obsignandi
1262 434 1403 488 gratia

60 493 281 533 venissem.
346 491 461 540 Quae
501 493 625 547 signa
661 507 790 545 nunc,
828 493 1003 546 Verres,
1047 493 1121 534 ubi
1159 493 1287 533 sunt?
1326 492 1402 533 illa
1430 506 1470 535 :31

61 566 235 605 quaero,
274 565 381 604 quae
422 551 533 605 apud
572 554 613 592 te
651 566 787 605 nuper
820 552 872 592 ad
904 566 1049 593 omnes
1083 552 1321 604 columnas,
1360 552 1404 592 in

25 609 257 652 §omnibus
303 609 433 650 etiam
477 610 834 663 intercolumniis,
878 610 923 651 in
968 611 1077 651 silva
1109 610 1289 663 denique
1322 609 1403 650 dis-

60 669 201 723 posita
242 668 320 709 sub
362 668 458 709 divo
496 668 692 709 vidimus.
760 667 845 709 Cur
883 684 949 722 ea,
995 684 1123 723 quam
1162 669 1234 709 ‹liu
1273 668 1402 709 alium

58 729 301 782 praetorem
341 741 436 767 cum
474 727 526 767 iis
564 727 793 780 iudicibus,
839 742 944 781 quos
983 728 1028 769 in
1064 728 1219 768 horum
1263 727 1400 769 locum

60 786 320 827 subsortitus
361 799 495 839 esses,
535 786 583 825 de
622 788 663 826 te
702 786 746 826 in
779 787 1004 827 consilium
1037 787 1197 827 iturum
1227 786 1404 840 putasti,

11 875 14 877 -
58 847 149 885 tam
171 844 241 885 din
268 844 383 885 domi
407 844 597 896 fuerunt3
624 847 906 898 posteaquam
932 845 1092 886 nostris
1113 845 1298 885 testibus
1324 859 1403 886 nos

9 922 40 946 10
60 918 188 957 (1113111
225 903 342 944 horis
384 903 505 954 [tuis]
546 903 609 943 uti
647 903 777 944 malle
815 903 979 956 vidisti,
1023 904 1190 944 nullum
1233 904 1404 958 signum

60 962 174 1003 domi
213 961 427 1016 reliquisti
466 964 636 1015 praeter
675 962 775 1015 duo,
817 976 924 1015 quae
962 962 1006 1003 in
1045 962 1194 1003 mediis
1229 963 1404 1003 aedibus

60 1023 169 1074 sunt,
204 1035 310 1074 quae
343 1020 437 1074 ipsa
471 1019 598 1061 Samo
632 1021 805 1061 sublata
838 1021 965 1062 sunt?
1015 1020 1115 1062 Non
1146 1021 1311 1075 putasti
1338 1036 1404 1061 me

59 1080 143 1120 tuis
175 1079 528 1120 familiarissimis
561 1079 605 1120 in
637 1079 747 1121 hanc
778 1094 869 1120 rem
901 1080 1151 1121 testimonia
1187 1080 1405 1120 denuntia-

59 1141 221 1191 turum,
273 1138 345 1192 qui
389 1141 488 1179 tuae
533 1138 649 1179 domi
692 1153 861 1191 semper
905 1138 1105 1192 fuissent,
1156 1153 1205 1179 ex
1251 1138 1404 1192 quibus

11 1216 39 1239 ιῑ,
61 1212 324 1251 quaererem,
365 1197 488 1252 signa
528 1197 739 1238 scirentne
777 1197 928 1251 fuisse,
968 1212 1074 1251 quae
1112 1212 1199 1238 non
1232 1197 1475 1267 essent‘?20

59 1256 167 1304 Quid
205 1258 298 1297 tum
335 1256 415 1297 hos
456 1256 505 1296 de
544 1259 586 1296 te
624 1256 886 1297 iudicaturos
926 1256 1162 1297 arbitratus
1203 1270 1263 1308 es,
1309 1270 1404 1297 611111
1432 1266 1474 1309 52

58 1315 250 1355 viderent
287 1317 330 1355 te
368 1314 453 1355 iam
491 1329 578 1356 non
619 1318 769 1356 contra
811 1318 1103 1356 accusatorem
1148 1317 1286 1368 tuum,
1332 1315 1403 1355 sed

59 1377 208 1415 contra
241 1376 514 1428 quaestorem
547 1376 840 1427 sectoremque
873 1374 1095 1429 pugnare?
1153 1372 1245 1421 Qua
1278 1374 1327 1414 de
1360 1388 1405 1413 re

58 1431 361 1474 Charidemum
395 1431 548 1474 Chium
580 1433 876 1473 testimonium
903 1433 1046 1487 priore
1073 1432 1240 1473 actione
1268 1432 1404 1473 dicere

7 1508 39 1533 20
59 1491 250 1541 audistis,
278 1505 381 1545 sese,
408 1506 503 1532 cum
532 1494 644 1532 esset
670 1491 932 1532 trierarchus
960 1494 1002 1532 et
1023 1490 1200 1532 Verrem
1229 1505 1278 1531 ex
1299 1490 1405 1531 Asia

59 1550 331 1591 decedentem
364 1552 694 1603 prosequeretur
720 1550 838 1591 iussu
864 1550 1130 1601 Dolabellae,
1161 1549 1294 1590 fuisse
1320 1564 1405 1590 una

59 1623 154 1650 cum
198 1609 282 1649 isto
328 1606 462 1661 Sami,
514 1622 689 1661 seseque
733 1611 825 1649 tum
870 1609 977 1650 scire
1028 1608 1262 1663 spoliatum
1313 1622 1404 1649 esse

57 1667 205 1708 fanum
230 1667 406 1708 ‚lunonis
440 1669 482 1707 et
515 1667 719 1721 oppidum
747 1665 939 1721 Samum3
971 1670 1207 1722 posteaque
1241 1681 1283 1707 se
1311 1681 1404 1708 6311-

60 1741 151 1767 sam
185 1725 297 1780 apud
318 1724 446 1767 Chios
474 1725 586 1767 cives
616 1740 714 1766 suos
736 1724 891 1767 Samiis
913 1726 1212 1767 accusantibus
1234 1725 1404 1779 publice

7 1801 38 1826 25
60 1785 225 1837 dixisse,
259 1799 391 1838 eoque
420 1799 463 1825 se
491 1798 582 1825 esse
610 1784 868 1837 absolutum,
897 1785 1008 1838 quod
1033 1785 1211 1839 planum
1231 1784 1406 1825 fecisset

59 1858 124 1896 ea,
164 1857 271 1897 quae
308 1843 443 1898 legati
477 1841 718 1884 Samiorum
752 1843 957 1897 dicerent,
997 1844 1050 1884 ad
1082 1843 1281 1897 Verrem,
1318 1857 1405 1884 non

59 1901 111 1944 ad
143 1916 186 1943 se
218 1902 445 1956 pertinere.

146 1960 396 2015 Aspendum
428 1963 550 2002 vetus
585 1961 789 2015 oppidum
823 1963 865 2001 61
896 1961 1040 2002 nobile
1072 1960 1117 2002 in
1143 1960 1404 2015 Pamphylia
1433 1971 1474 2001 :33

60 2019 176 2061 scitis
216 2034 325 2073 esse,
366 2019 665 2075 plenissimum
705 2020 926 2075 signorum
965 2020 1239 2074 optimorum.
1307 2019 1407 2060 Non

8 2095 40 2121 30
61 2078 195 2120 dicam
234 2078 351 2120 illinc
388 2078 470 2119 1106
508 2078 680 2133 signum
720 2079 916 2119 ablatum
956 2093 1047 2119 esse
1087 2081 1129 2120 et
1161 2078 1286 2130 illud,
1325 2078 1406 2119 hoo

60 2137 168 2190 dico,
206 2138 374 2178 nullum
411 2140 454 2178 te
493 2137 687 2191 Aspendi
726 2137 915 2191 signum,
953 2136 1129 2191 Verres,
1167 2136 1405 2190 reliquisse,

59 2196 201 2237 omnia
239 2211 288 2237 ex
320 2196 449 2249 fanis,
493 2210 542 2237 ex
575 2195 680 2237 locis
713 2195 897 2250 publicis
930 2196 1075 2250 palam
1109 2195 1404 2250 spectantibus

59 2255 255 2296 omnibus
293 2254 502 2310 plaustris
544 2257 690 2295 evecta
735 2257 1045 2308 exportataque
1090 2269 1192 2295 esse.
1261 2254 1405 2307 Atque

59 2313 188 2355 etiam
232 2314 356 2355 illum
400 2313 668 2368 Aspendium
713 2312 1002 2366 citharistam,
1054 2312 1104 2354 de
1149 2327 1232 2367 quo
1279 2327 1405 2366 saepe

7 2387 39 2414 35
59 2372 237 2413 audistis
270 2372 324 2426 id,
357 2372 470 2427 quod
502 2374 568 2413 est
601 2371 775 2413 Graecis
808 2371 1054 2412 hominibus
1087 2371 1132 2412 in
1163 2371 1406 2425 proverbio,

0 2480 1 2484 Ἰ
59 2445 183 2485 quem
217 2431 360 2472 omnia
391 2431 507 2472 intus
540 2445 690 2472 canere
725 2430 934 2484 dicebant,
969 2430 1145 2471 sustulit
1172 2432 1214 2470 et
1239 2429 1283 2470 in
1309 2429 1406 2470 inti-

0 2494 2 2509 *
58 2489 139 2530 mis
178 2489 265 2531 suis
305 2490 479 2531 aedibus
518 2490 681 2544 posuit,
725 2492 774 2530 ut
813 2489 942 2530 etiam
980 2489 1104 2530 illum
1142 2489 1285 2541 ipsum
1327 2502 1403 2529 suo

1 2534 4 2575 1
