1618 2584
388 235 476 271 LIB.
503 236 555 270 ΙΙΙ
600 236 698 271 ΟΑΡ.
726 240 866 272 53-55
891 240 910 280 ξ
939 241 1133 272 124-128.
1342 239 1426 280 321

87 343 428 381 ARATORUMQUE
474 344 675 374 I‘ENURIA
721 345 871 374 TULIT.
942 332 1226 388 ‘Aratorum’,
1276 334 1428 388 inquit,

89 389 306 445 ‘penuria'
363 388 408 431 Si
435 404 514 445 ego
543 394 764 433 accusator
791 392 949 433 totiens
977 393 1124 433 eadem
1158 392 1208 433 de
1240 407 1285 434 re
1319 393 1429 434 dice-

86 465 194 503 rem,
232 463 415 501 vererer,
453 463 506 490 ne
544 450 709 491 animos
744 453 910 492 vestros
945 451 1219 503 offenderem,
1256 451 1428 493 iudices.

86 507 256 550 Clamat
287 507 505 549 Metellus:
543 507 644 550 N1S1
682 520 907 551 LITTERAS
945 521 1169 552 MISISSEM.
1230 509 1330 550 Non
1363 513 1429 551 est

50 579 66 605 5
87 567 204 609 satis.
260 565 364 608 Nisi
396 578 628 610 PRAESENS
662 578 1027 610 CONFIRMASSEM.
1083 567 1149 610 Ne
1180 568 1224 609 id
1257 569 1427 623 quidem

85 626 190 667 satis
236 628 312 667 est.
373 625 628 680 RELIQUOS,
672 626 829 680 inquit,
873 638 1125 669 ARATORES.
1190 626 1427 682 Reliquos?

84 699 218 740 prope
257 684 432 739 lugubri
469 685 600 726 verbo
641 685 934 726 calamitatem
974 686 1218 739 provinciae
1257 684 1427 727 Siciliae

85 743 318 799 significat3
338 743 471 783 addit:
491 754 744 785 ARATORUM
760 756 971 785 PENURIA.
1004 744 1241 799 Expectate
1260 745 1402 799 etiam,
1432 728 1498 810 ἐξ

84 802 257 855 iudices,
279 804 512 856 expectate,
536 802 572 842 si
592 802 788 856 potestis,
816 803 1119 844 auctoritatem
1142 804 1426 845 accusationis

33 873 65 898 10
84 876 213 902 meae.
282 860 389 901 Dico
435 863 628 902 aratores
670 860 796 902 istius
836 861 1020 903 avaritia
1058 862 1233 916 eiectos,
1279 863 1429 904 scribit

84 920 285 961 Metellus
314 919 534 973 ‘reliquos'
562 919 615 960 ab
643 934 687 960 se
718 934 810 961 esse
844 921 1140 974 confirmatos3
1172 921 1264 962 dico
1298 936 1427 976 agros

82 979 256 1020 relictos
303 978 602 1033 arationesque
647 992 739 1020 esse
785 979 992 1033 desertas,
1039 979 1188 1021 scribit
1225 979 1427 1021 Metellus

84 1040 305 1080 aratorum
350 1051 442 1078 esse
487 1036 758 1092 ‘penuriamffl
828 1037 921 1079 Hoc
965 1053 1061 1079 cum
1106 1039 1272 1092 scribit,
1319 1039 1429 1079 illud

84 1097 286 1149 ostendit,
319 1096 516 1150 deiectos,
548 1096 734 1137 fortunis
762 1097 960 1138 omnibus
994 1098 1194 1152 expulsos
1229 1112 1320 1138 esse
1352 1113 1428 1152 po-

33 1167 64 1192 15
83 1156 176 1211 puli
217 1155 403 1197 Romani
451 1155 588 1196 socios
634 1158 762 1210 atque
807 1156 979 1198 amicos,
1054 1156 1218 1204 Quibus
1264 1156 1301 1197 si
1345 1171 1430 1210 qua

83 1214 308 1257 calamitas
354 1217 533 1268 propter
579 1214 711 1254 istum
760 1215 891 1255 salvis
935 1215 1222 1270 vectigalibus
1264 1216 1427 1256 nostris

84 1273 320 1327 accidisset,
354 1273 544 1314 animum
572 1273 792 1314 advertere
819 1276 966 1314 tamen
990 1274 1036 1314 in
1068 1288 1164 1315 eum
1196 1288 1273 1315 vos
1306 1288 1429 1328 opor-

83 1335 204 1387 teret,
225 1332 480 1387 praesertim
505 1346 599 1373 cum
621 1346 669 1372 ea
689 1332 784 1387 lege
804 1332 1062 1385 iudicaretis,
1085 1347 1192 1386 quae
1214 1332 1429 1373 sociorum

83 1406 212 1434 causa
251 1393 363 1432 esset
397 1391 652 1444 constituta,
691 1406 787 1432 cum
819 1406 920 1432 vero
952 1391 1132 1445 perditis
1165 1391 1429 1446 profligatis-

31 1462 65 1487 20
84 1466 163 1505 que
209 1450 335 1491 sociis
379 1450 611 1504 vectigalia
653 1450 804 1504 populi
840 1450 1026 1491 Romani
1071 1450 1157 1491 sint
1196 1450 1428 1504 deminuta,

83 1524 152 1551 res
176 1509 473 1562 frumentaria,
506 1512 783 1562 commeatus,
816 1509 975 1563 copiae,
1009 1509 1125 1549 salus
1152 1509 1272 1550 urbis
1300 1512 1428 1563 atque

84 1568 347 1610 exercituum
384 1570 634 1609 nostrorum
670 1567 715 1607 in
750 1568 1052 1621 posteritatem
1083 1568 1210 1608 istius
1244 1568 1429 1608 avaritia

83 1626 315 1680 interierit,
355 1627 509 1667 saltem
547 1626 697 1680 populi
730 1626 916 1668 Romani
954 1626 1179 1668 commoda
1216 1627 1427 1681 respicite,

85 1686 121 1727 si
156 1685 282 1727 sociis
308 1685 571 1726 fidelissimis
598 1685 840 1739 prospicere
866 1700 954 1727 non
979 1685 1203 1726 laboratis.
1258 1686 1403 1739 Atque
1433 1695 1498 1725 128

31 1755 65 1781 25
84 1748 132 1786 ut
157 1744 424 1798 intellegatis
452 1744 504 1785 ab
531 1744 616 1784 isto
649 1759 752 1798 prae
784 1744 903 1785 lucro
936 1744 1179 1798 praedaque
1211 1745 1429 1799 praesenti

83 1819 161 1845 nec
179 1803 459 1858 vectigalium
478 1817 555 1844 nec
575 1803 846 1857 posteritatis
865 1803 1061 1844 habitam
1086 1817 1178 1844 esse
1204 1803 1429 1857 rationem,

85 1862 349 1918 cognoscite,
389 1862 489 1916 quid
528 1861 580 1903 ad
622 1864 860 1903 extremum
900 1862 1061 1903 scribat
1098 1861 1312 1903 Metellus.
1374 1861 1429 1903 IN

84 1933 323 1971 RELIQUUM
374 1932 535 1962 TAMEN
581 1932 759 1963 TEMPUS
804 1932 1144 1962 VECTIGALIBUS
1188 1932 1430 1963 PROSPEXI.

83 1980 135 2021 In
177 1981 390 2034 reliquum
429 1982 598 2034 tempus
637 1980 922 2035 vectigalibus
962 1980 1023 2020 ait
1062 1995 1105 2021 se
1143 1980 1428 2034 prospexisse.

33 2049 66 2075 3⁰
84 2038 184 2081 Non
229 2039 434 2080 scriberet
479 2053 522 2080 se
568 2039 855 2092 vectigalibus
893 2039 1184 2094 prospexisse,
1226 2038 1311 2079 nisi
1348 2038 1429 2080 hoc

84 2099 216 2140 vellet
248 2098 489 2151 ostendere,
524 2099 568 2138 te
599 2097 831 2153 vectigalia
862 2098 1110 2151 perdidisse.
1172 2096 1282 2145 Quid
1315 2097 1428 2138 enim

85 2160 191 2210 erat,
219 2157 332 2211 quod
350 2156 638 2211 vectigalibus
660 2157 925 2211 prospiceret
944 2156 1145 2197 Metellus
1169 2156 1214 2196 in
1241 2156 1428 2197 decumis

85 2218 128 2257 et
163 2216 209 2256 in
245 2219 340 2257 tota
375 2230 420 2256 re
452 2215 752 2269 frumentaria,
792 2215 829 2256 si
860 2215 942 2256 iste
974 2230 1061 2256 non
1092 2214 1326 2269 vectigalia
1357 2229 1429 2270 po-

85 2275 175 2328 puli
212 2274 397 2316 Romani
441 2277 621 2329 quaestu
668 2288 744 2316 suo
782 2274 1092 2329 pervertisset?
1155 2274 1299 2328 Atque
1336 2273 1429 2327 ipse

33 2344 66 2370 85
85 2333 304 2387 Metellus,
338 2334 411 2387 qui
437 2333 720 2388 vectigalibus
752 2333 978 2388 prospicit,
1012 2332 1085 2387 qui
1117 2333 1306 2386 reliquos
1340 2347 1429 2374 ara-

85 2394 200 2433 tores
239 2392 426 2447 colligit,
466 2392 566 2446 quid
605 2392 848 2446 assequitur
881 2392 965 2433 nisi
996 2392 1094 2445 hoc,
1132 2394 1181 2432 ut
1215 2393 1355 2443 arent,
1393 2391 1429 2432 si

85 2450 156 2505 qui
193 2453 391 2506 possunt,
432 2451 585 2506 quibus
625 2455 818 2493 aratrum
858 2452 1013 2493 saltem
1046 2450 1221 2505 aliquod
1253 2450 1427 2492 satelles

155 2525 225 2552 CIO.
243 2527 285 2552 Π.
305 2528 329 2553 1.
1099 2524 1142 2554 21
