<?xml version="1.0" encoding="UTF-8"?>
<!DOCTYPE html PUBLIC "-//W3C//DTD XHTML 1.0 Transitional//EN"
    "http://www.w3.org/TR/xhtml1/DTD/xhtml1-transitional.dtd">
<html xmlns="http://www.w3.org/1999/xhtml" xml:lang="en" lang="en">
 <head>
  <title>
</title>
<meta http-equiv="Content-Type" content="text/html;charset=utf-8" />
  <meta name='ocr-system' content='tesseract 3.04.00' />
  <meta name='ocr-capabilities' content='ocr_page ocr_carea ocr_par ocr_line ocrx_word'/>
</head>
<body>
  <div class='ocr_page' id='page_1' title='image "./p1scriptaquaemanse02ciceuoft_0239.png"; bbox 0 0 1618 2584; ppageno 0'>
   <div class='ocr_carea' id='block_1_1' title="bbox 477 35 1352 78">
    <p class='ocr_par' dir='ltr' id='par_1_1' title="bbox 477 35 1352 78">
     <span class='ocr_line' id='line_1_1' title="bbox 477 35 1352 78; baseline 0.008 -8"><span class='ocrx_word' id='word_1_1' title='bbox 477 35 578 70; x_wconf 89' lang='lat' dir='ltr'>CAP.</span> <span class='ocrx_word' id='word_1_2' title='bbox 606 41 697 70; x_wconf 76' lang='lat'>2-4</span> <span class='ocrx_word' id='word_1_3' title='bbox 723 39 742 78; x_wconf 68' lang='grc' dir='ltr'>ξ</span> <span class='ocrx_word' id='word_1_4' title='bbox 768 39 893 70; x_wconf 81' lang='lat'>5—12.</span> <span class='ocrx_word' id='word_1_5' title='bbox 1269 35 1352 77; x_wconf 77' lang='lat'>125</span> 
     </span>
    </p>
   </div>
   <div class='ocr_carea' id='block_1_2' title="bbox 0 131 1431 2296">
    <p class='ocr_par' dir='ltr' id='par_1_2' title="bbox 10 131 1353 350">
     <span class='ocr_line' id='line_1_2' title="bbox 13 131 1353 189; baseline -0.001 -14"><span class='ocrx_word' id='word_1_6' title='bbox 13 148 93 189; x_wconf 90' lang='lat' dir='ltr'>que</span> <span class='ocrx_word' id='word_1_7' title='bbox 119 147 167 174; x_wconf 93' lang='grc'>00</span> <span class='ocrx_word' id='word_1_8' title='bbox 195 131 432 186; x_wconf 87' lang='lat' dir='ltr'>despiceret</span> <span class='ocrx_word' id='word_1_9' title='bbox 458 134 832 186; x_wconf 67' lang='lat' dir='ltr'>contemneretque</span> <span class='ocrx_word' id='word_1_10' title='bbox 859 131 1051 173; x_wconf 86' lang='lat' dir='ltr'>ordinem</span> <span class='ocrx_word' id='word_1_11' title='bbox 1078 133 1353 185; x_wconf 84' lang='lat' dir='ltr'>senatorium,</span> 
     </span>
     <span class='ocr_line' id='line_1_3' title="bbox 11 190 1353 246; baseline -0.002 -12"><span class='ocrx_word' id='word_1_12' title='bbox 11 195 60 234; x_wconf 93' lang='lat' dir='ltr'>ut</span> <span class='ocrx_word' id='word_1_13' title='bbox 91 191 304 233; x_wconf 88' lang='lat' dir='ltr'>arbitratu</span> <span class='ocrx_word' id='word_1_14' title='bbox 333 190 423 231; x_wconf 86' lang='lat' dir='ltr'>eius</span> <span class='ocrx_word' id='word_1_15' title='bbox 449 190 709 246; x_wconf 76' lang='lat' dir='ltr'>deligeretur</span> <span class='ocrx_word' id='word_1_16' title='bbox 735 204 784 231; x_wconf 88' lang='lat' dir='ltr'>ex</span> <span class='ocrx_word' id='word_1_17' title='bbox 811 193 973 244; x_wconf 87' lang='lat' dir='ltr'>senatu,</span> <span class='ocrx_word' id='word_1_18' title='bbox 999 190 1072 244; x_wconf 88' lang='lat' dir='ltr'>qui</span> <span class='ocrx_word' id='word_1_19' title='bbox 1097 204 1194 231; x_wconf 91' lang='lat' dir='ltr'>reus</span> <span class='ocrx_word' id='word_1_20' title='bbox 1220 190 1353 244; x_wconf 87' lang='lat' dir='ltr'>fieret,</span> 
     </span>
     <span class='ocr_line' id='line_1_4' title="bbox 12 248 1353 305; baseline -0.001 -14"><span class='ocrx_word' id='word_1_21' title='bbox 12 250 101 305; x_wconf 92' lang='lat' dir='ltr'>qui,</span> <span class='ocrx_word' id='word_1_22' title='bbox 139 249 238 290; x_wconf 90' lang='lat' dir='ltr'>dum</span> <span class='ocrx_word' id='word_1_23' title='bbox 270 248 357 302; x_wconf 86' lang='lat' dir='ltr'>hic,</span> <span class='ocrx_word' id='word_1_24' title='bbox 390 263 496 303; x_wconf 91' lang='lat' dir='ltr'>quae</span> <span class='ocrx_word' id='word_1_25' title='bbox 529 263 636 303; x_wconf 91' lang='lat' dir='ltr'>opus</span> <span class='ocrx_word' id='word_1_26' title='bbox 669 251 828 302; x_wconf 87' lang='lat' dir='ltr'>essent,</span> <span class='ocrx_word' id='word_1_27' title='bbox 861 251 1149 304; x_wconf 86' lang='lat' dir='ltr'>compararet,</span> <span class='ocrx_word' id='word_1_28' title='bbox 1180 263 1353 290; x_wconf 87' lang='lat' dir='ltr'>causam</span> 
     </span>
     <span class='ocr_line' id='line_1_5' title="bbox 10 307 635 350; baseline -0.002 -1"><span class='ocrx_word' id='word_1_29' title='bbox 10 309 174 350; x_wconf 90' lang='lat' dir='ltr'>interea</span> <span class='ocrx_word' id='word_1_30' title='bbox 205 309 304 348; x_wconf 86' lang='lat' dir='ltr'>ante</span> <span class='ocrx_word' id='word_1_31' title='bbox 337 321 432 348; x_wconf 90' lang='lat' dir='ltr'>eum</span> <span class='ocrx_word' id='word_1_32' title='bbox 466 307 635 349; x_wconf 91' lang='lat' dir='ltr'>diceret.</span> 
     </span>
    </p>

    <p class='ocr_par' dir='ltr' id='par_1_3' title="bbox 9 364 1424 818">
     <span class='ocr_line' id='line_1_6' title="bbox 98 364 1424 421; baseline -0.001 -14"><span class='ocrx_word' id='word_1_33' title='bbox 98 364 260 414; x_wconf 83' lang='lat' dir='ltr'><strong>Quibus</strong></span> <span class='ocrx_word' id='word_1_34' title='bbox 294 379 373 421; x_wconf 87' lang='lat' dir='ltr'>ego</span> <span class='ocrx_word' id='word_1_35' title='bbox 406 366 533 407; x_wconf 85' lang='lat' dir='ltr'>rebus</span> <span class='ocrx_word' id='word_1_36' title='bbox 567 366 668 420; x_wconf 88' lang='lat' dir='ltr'>quid</span> <span class='ocrx_word' id='word_1_37' title='bbox 699 366 780 407; x_wconf 89' lang='lat' dir='ltr'>iste</span> <span class='ocrx_word' id='word_1_38' title='bbox 814 368 957 421; x_wconf 90' lang='lat' dir='ltr'>speret</span> <span class='ocrx_word' id='word_1_39' title='bbox 983 368 1026 407; x_wconf 90' lang='lat' dir='ltr'>et</span> <span class='ocrx_word' id='word_1_40' title='bbox 1052 380 1135 420; x_wconf 88' lang='lat' dir='ltr'>quo</span> <span class='ocrx_word' id='word_1_41' title='bbox 1163 365 1353 407; x_wconf 88' lang='lat' dir='ltr'>animum</span> <span class='ocrx_word' id='word_1_42' title='bbox 1382 376 1424 407; x_wconf 89' lang='lat'>10</span> 
     </span>
     <span class='ocr_line' id='line_1_7' title="bbox 12 424 1354 479; baseline -0.001 -12"><span class='ocrx_word' id='word_1_43' title='bbox 12 425 224 478; x_wconf 88' lang='lat' dir='ltr'>intendat,</span> <span class='ocrx_word' id='word_1_44' title='bbox 255 424 381 465; x_wconf 88' lang='lat' dir='ltr'>facile</span> <span class='ocrx_word' id='word_1_45' title='bbox 412 424 642 479; x_wconf 80' lang='lat' dir='ltr'>perspici03</span> <span class='ocrx_word' id='word_1_46' title='bbox 675 439 803 478; x_wconf 88' lang='lat' dir='ltr'>quam</span> <span class='ocrx_word' id='word_1_47' title='bbox 837 425 891 466; x_wconf 93' lang='lat' dir='ltr'>ob</span> <span class='ocrx_word' id='word_1_48' title='bbox 923 439 1014 466; x_wconf 85' lang='lat' dir='ltr'>rem</span> <span class='ocrx_word' id='word_1_49' title='bbox 1046 439 1148 466; x_wconf 87' lang='lat' dir='ltr'>vero</span> <span class='ocrx_word' id='word_1_50' title='bbox 1182 438 1226 465; x_wconf 91' lang='lat' dir='ltr'>se</span> <span class='ocrx_word' id='word_1_51' title='bbox 1260 439 1354 465; x_wconf 90' lang='lat' dir='ltr'>con-</span> 
     </span>
     <span class='ocr_line' id='line_1_8' title="bbox 10 482 1354 537; baseline -0.001 -12"><span class='ocrx_word' id='word_1_52' title='bbox 10 484 115 525; x_wconf 87' lang='lat' dir='ltr'>fidat</span> <span class='ocrx_word' id='word_1_53' title='bbox 146 483 308 536; x_wconf 88' lang='lat' dir='ltr'>aliquid</span> <span class='ocrx_word' id='word_1_54' title='bbox 339 483 544 537; x_wconf 90' lang='lat' dir='ltr'>proficere</span> <span class='ocrx_word' id='word_1_55' title='bbox 576 497 702 537; x_wconf 85' lang='lat' dir='ltr'>posse</span> <span class='ocrx_word' id='word_1_56' title='bbox 734 482 816 524; x_wconf 90' lang='lat' dir='ltr'>hoc</span> <span class='ocrx_word' id='word_1_57' title='bbox 846 486 1044 537; x_wconf 89' lang='lat' dir='ltr'>praet01e</span> <span class='ocrx_word' id='word_1_58' title='bbox 1078 486 1120 524; x_wconf 91' lang='lat' dir='ltr'>et</span> <span class='ocrx_word' id='word_1_59' title='bbox 1152 483 1234 524; x_wconf 89' lang='lat' dir='ltr'>hoc</span> <span class='ocrx_word' id='word_1_60' title='bbox 1259 497 1354 525; x_wconf 90' lang='lat' dir='ltr'>con-</span> 
     </span>
     <span class='ocr_line' id='line_1_9' title="bbox 12 542 1354 597; baseline -0.001 -13"><span class='ocrx_word' id='word_1_61' title='bbox 12 542 125 594; x_wconf 91' lang='lat' dir='ltr'>silio,</span> <span class='ocrx_word' id='word_1_62' title='bbox 165 542 418 596; x_wconf 74' lang='lat' dir='ltr'>intellegere</span> <span class='ocrx_word' id='word_1_63' title='bbox 455 555 542 582; x_wconf 90' lang='lat' dir='ltr'>non</span> <span class='ocrx_word' id='word_1_64' title='bbox 578 555 773 595; x_wconf 69' lang='lat' dir='ltr'>possum,</span> <span class='ocrx_word' id='word_1_65' title='bbox 816 556 948 582; x_wconf 87' lang='lat' dir='ltr'>unum</span> <span class='ocrx_word' id='word_1_66' title='bbox 989 542 1098 583; x_wconf 89' lang='lat' dir='ltr'>illud</span> <span class='ocrx_word' id='word_1_67' title='bbox 1135 542 1354 597; x_wconf 75' lang='lat' dir='ltr'>intellego,</span> 
     </span>
     <span class='ocr_line' id='line_1_10' title="bbox 11 599 1338 656; baseline -0.001 -14"><span class='ocrx_word' id='word_1_68' title='bbox 11 601 124 656; x_wconf 90' lang='lat' dir='ltr'>quod</span> <span class='ocrx_word' id='word_1_69' title='bbox 154 600 340 655; x_wconf 89' lang='lat' dir='ltr'>populus</span> <span class='ocrx_word' id='word_1_70' title='bbox 372 599 594 640; x_wconf 84' lang='lat' dir='ltr'>Romanus</span> <span class='ocrx_word' id='word_1_71' title='bbox 627 599 672 640; x_wconf 89' lang='lat' dir='ltr'>in</span> <span class='ocrx_word' id='word_1_72' title='bbox 709 600 938 641; x_wconf 88' lang='lat' dir='ltr'>reiectione</span> <span class='ocrx_word' id='word_1_73' title='bbox 976 600 1162 641; x_wconf 89' lang='lat' dir='ltr'>iudicum</span> <span class='ocrx_word' id='word_1_74' title='bbox 1200 600 1338 642; x_wconf 84' lang='lat' dir='ltr'>iudica</span> 
     </span>
     <span class='ocr_line' id='line_1_11' title="bbox 11 658 1355 724; baseline 0 -24"><span class='ocrx_word' id='word_1_75' title='bbox 11 660 83 711; x_wconf 88' lang='lat' dir='ltr'>vit,</span> <span class='ocrx_word' id='word_1_76' title='bbox 110 673 160 700; x_wconf 87' lang='lat' dir='ltr'>ea</span> <span class='ocrx_word' id='word_1_77' title='bbox 185 673 260 724; x_wconf 86' lang='lat' dir='ltr'>spe</span> <span class='ocrx_word' id='word_1_78' title='bbox 285 659 418 699; x_wconf 91' lang='lat' dir='ltr'>istum</span> <span class='ocrx_word' id='word_1_79' title='bbox 443 658 576 699; x_wconf 86' lang='lat' dir='ltr'>fuisse</span> <span class='ocrx_word' id='word_1_80' title='bbox 602 658 858 712; x_wconf 87' lang='lat' dir='ltr'>praeditum,</span> <span class='ocrx_word' id='word_1_81' title='bbox 884 661 932 699; x_wconf 92' lang='lat' dir='ltr'>ut</span> <span class='ocrx_word' id='word_1_82' title='bbox 953 673 1122 700; x_wconf 92' lang='lat' dir='ltr'>omnem</span> <span class='ocrx_word' id='word_1_83' title='bbox 1143 659 1355 700; x_wconf 88' lang='lat' dir='ltr'>rationem</span> 
     </span>
     <span class='ocr_line' id='line_1_12' title="bbox 11 716 1354 772; baseline -0.001 -13"><span class='ocrx_word' id='word_1_84' title='bbox 11 718 163 760; x_wconf 85' lang='lat' dir='ltr'>salutis</span> <span class='ocrx_word' id='word_1_85' title='bbox 200 717 246 758; x_wconf 92' lang='lat' dir='ltr'>in</span> <span class='ocrx_word' id='word_1_86' title='bbox 282 717 462 771; x_wconf 86' lang='lat' dir='ltr'>pecunia</span> <span class='ocrx_word' id='word_1_87' title='bbox 500 716 798 770; x_wconf 83' lang='lat' dir='ltr'>constitueret,</span> <span class='ocrx_word' id='word_1_88' title='bbox 836 717 917 758; x_wconf 89' lang='grc'>1100</span> <span class='ocrx_word' id='word_1_89' title='bbox 955 720 1102 771; x_wconf 89' lang='lat' dir='ltr'>erepto</span> <span class='ocrx_word' id='word_1_90' title='bbox 1141 718 1354 772; x_wconf 89' lang='lat' dir='ltr'>praesidio</span> 
     </span>
     <span class='ocr_line' id='line_1_13' title="bbox 9 775 1224 818; baseline 0 -1"><span class='ocrx_word' id='word_1_91' title='bbox 9 779 58 818; x_wconf 90' lang='lat' dir='ltr'>ut</span> <span class='ocrx_word' id='word_1_92' title='bbox 87 776 253 817; x_wconf 90' lang='lat' dir='ltr'>nullam</span> <span class='ocrx_word' id='word_1_93' title='bbox 286 775 370 816; x_wconf 82' lang='lat' dir='ltr'>sibi</span> <span class='ocrx_word' id='word_1_94' title='bbox 401 790 492 817; x_wconf 89' lang='lat' dir='ltr'>rem</span> <span class='ocrx_word' id='word_1_95' title='bbox 525 775 770 817; x_wconf 88' lang='lat' dir='ltr'>adiumento</span> <span class='ocrx_word' id='word_1_96' title='bbox 802 775 895 816; x_wconf 88' lang='lat' dir='ltr'>fore</span> <span class='ocrx_word' id='word_1_97' title='bbox 928 775 1224 817; x_wconf 80' lang='lat' dir='ltr'>arbitraretur.</span> 
     </span>
    </p>

    <p class='ocr_par' dir='ltr' id='par_1_4' title="bbox 0 834 1431 2296">
     <span class='ocr_line' id='line_1_14' title="bbox 96 834 1409 889; baseline 0 -13"><span class='ocrx_word' id='word_1_98' title='bbox 96 834 270 876; x_wconf 86' lang='lat' dir='ltr'>Etenim</span> <span class='ocrx_word' id='word_1_99' title='bbox 315 834 429 888; x_wconf 90' lang='lat' dir='ltr'>quod</span> <span class='ocrx_word' id='word_1_100' title='bbox 472 836 537 876; x_wconf 88' lang='lat' dir='ltr'>est</span> <span class='ocrx_word' id='word_1_101' title='bbox 580 834 801 889; x_wconf 81' lang='lat' dir='ltr'>ingenium</span> <span class='ocrx_word' id='word_1_102' title='bbox 845 836 1037 887; x_wconf 87' lang='lat' dir='ltr'>tantum,</span> <span class='ocrx_word' id='word_1_103' title='bbox 1082 849 1190 888; x_wconf 85' lang='lat' dir='ltr'>quae</span> <span class='ocrx_word' id='word_1_104' title='bbox 1232 837 1355 876; x_wconf 89' lang='lat' dir='ltr'>tanta</span> <span class='ocrx_word' id='word_1_105' title='bbox 1382 842 1409 881; x_wconf 77' lang='lat'>4</span> 
     </span>
     <span class='ocr_line' id='line_1_15' title="bbox 10 893 1355 947; baseline -0.001 -12"><span class='ocrx_word' id='word_1_106' title='bbox 10 893 193 936; x_wconf 84' lang='lat' dir='ltr'>facultas</span> <span class='ocrx_word' id='word_1_107' title='bbox 227 893 391 934; x_wconf 90' lang='lat' dir='ltr'>dicendi</span> <span class='ocrx_word' id='word_1_108' title='bbox 424 895 466 934; x_wconf 90' lang='lat' dir='ltr'>et</span> <span class='ocrx_word' id='word_1_109' title='bbox 499 893 638 947; x_wconf 83' lang='lat' dir='ltr'>copia,</span> <span class='ocrx_word' id='word_1_110' title='bbox 672 908 779 947; x_wconf 88' lang='lat' dir='ltr'>quae</span> <span class='ocrx_word' id='word_1_111' title='bbox 811 893 938 934; x_wconf 89' lang='lat' dir='ltr'>istius</span> <span class='ocrx_word' id='word_1_112' title='bbox 970 893 1106 934; x_wconf 89' lang='lat' dir='ltr'>vitam</span> <span class='ocrx_word' id='word_1_113' title='bbox 1138 896 1205 935; x_wconf 92' lang='lat' dir='ltr'>tot</span> <span class='ocrx_word' id='word_1_114' title='bbox 1236 894 1355 935; x_wconf 83' lang='lat' dir='ltr'>vitiis</span> 
     </span>
     <span class='ocr_line' id='line_1_16' title="bbox 12 951 1356 1007; baseline 0.001 -15"><span class='ocrx_word' id='word_1_115' title='bbox 12 952 273 1007; x_wconf 88' lang='lat' dir='ltr'>flagitiisque</span> <span class='ocrx_word' id='word_1_116' title='bbox 305 951 557 1006; x_wconf 89' lang='lat' dir='ltr'>convictam,</span> <span class='ocrx_word' id='word_1_117' title='bbox 592 952 679 993; x_wconf 91' lang='lat' dir='ltr'>iam</span> <span class='ocrx_word' id='word_1_118' title='bbox 711 951 876 1006; x_wconf 86' lang='lat' dir='ltr'>pridem</span> <span class='ocrx_word' id='word_1_119' title='bbox 909 951 1100 993; x_wconf 90' lang='lat' dir='ltr'>omnium</span> <span class='ocrx_word' id='word_1_120' title='bbox 1132 953 1356 993; x_wconf 85' lang='lat' dir='ltr'>voluntate</span> 
     </span>
     <span class='ocr_line' id='line_1_17' title="bbox 11 1010 1356 1065; baseline 0 -13"><span class='ocrx_word' id='word_1_121' title='bbox 11 1011 249 1064; x_wconf 87' lang='lat' dir='ltr'>iudicioque</span> <span class='ocrx_word' id='word_1_122' title='bbox 283 1010 532 1051; x_wconf 80' lang='lat' dir='ltr'>damnatam</span> <span class='ocrx_word' id='word_1_123' title='bbox 558 1010 703 1064; x_wconf 90' lang='lat' dir='ltr'>aliqua</span> <span class='ocrx_word' id='word_1_124' title='bbox 730 1025 779 1051; x_wconf 77' lang='lat' dir='ltr'>ex</span> <span class='ocrx_word' id='word_1_125' title='bbox 799 1012 922 1065; x_wconf 89' lang='lat' dir='ltr'>parte</span> <span class='ocrx_word' id='word_1_126' title='bbox 942 1010 1082 1064; x_wconf 82' lang='lat' dir='ltr'>possit</span> <span class='ocrx_word' id='word_1_127' title='bbox 1103 1010 1356 1052; x_wconf 78' lang='lat' dir='ltr'>defendere?</span> 
     </span>
     <span class='ocr_line' id='line_1_18' title="bbox 12 1069 1425 1124; baseline -0.001 -13"><span class='ocrx_word' id='word_1_128' title='bbox 12 1070 128 1112; x_wconf 90' lang='grc'>0111113</span> <span class='ocrx_word' id='word_1_129' title='bbox 166 1071 215 1110; x_wconf 87' lang='lat' dir='ltr'>ut</span> <span class='ocrx_word' id='word_1_130' title='bbox 252 1069 566 1110; x_wconf 86' lang='lat' dir='ltr'>adulescentiae</span> <span class='ocrx_word' id='word_1_131' title='bbox 608 1069 798 1111; x_wconf 87' lang='lat' dir='ltr'>maculas</span> <span class='ocrx_word' id='word_1_132' title='bbox 843 1069 1189 1124; x_wconf 84' lang='lat' dir='ltr'>ignominiasque</span> <span class='ocrx_word' id='word_1_133' title='bbox 1233 1084 1357 1124; x_wconf 88' lang='lat' dir='ltr'>prae-</span> <span class='ocrx_word' id='word_1_134' title='bbox 1386 1080 1425 1109; x_wconf 89' lang='lat'>11</span> 
     </span>
     <span class='ocr_line' id='line_1_19' title="bbox 11 1127 1357 1182; baseline 0 -14"><span class='ocrx_word' id='word_1_135' title='bbox 11 1131 185 1181; x_wconf 89' lang='lat' dir='ltr'>teream,</span> <span class='ocrx_word' id='word_1_136' title='bbox 218 1131 447 1182; x_wconf 83' lang='lat' dir='ltr'>quaestura</span> <span class='ocrx_word' id='word_1_137' title='bbox 475 1127 655 1182; x_wconf 91' lang='lat' dir='ltr'>[primus</span> <span class='ocrx_word' id='word_1_138' title='bbox 689 1128 846 1182; x_wconf 89' lang='lat' dir='ltr'>gradus</span> <span class='ocrx_word' id='word_1_139' title='bbox 878 1128 1072 1179; x_wconf 85' lang='lat' dir='ltr'>honoris]</span> <span class='ocrx_word' id='word_1_140' title='bbox 1107 1127 1208 1182; x_wconf 85' lang='lat' dir='ltr'>quid</span> <span class='ocrx_word' id='word_1_141' title='bbox 1241 1128 1357 1168; x_wconf 86' lang='lat' dir='ltr'>aliud</span> 
     </span>
     <span class='ocr_line' id='line_1_20' title="bbox 11 1185 1356 1241; baseline -0.001 -13"><span class='ocrx_word' id='word_1_142' title='bbox 11 1186 142 1228; x_wconf 87' lang='lat' dir='ltr'>habet</span> <span class='ocrx_word' id='word_1_143' title='bbox 189 1186 235 1227; x_wconf 89' lang='lat' dir='ltr'>in</span> <span class='ocrx_word' id='word_1_144' title='bbox 279 1200 323 1227; x_wconf 89' lang='lat' dir='ltr'>se</span> <span class='ocrx_word' id='word_1_145' title='bbox 366 1186 450 1227; x_wconf 91' lang='lat' dir='ltr'>nisi</span> <span class='ocrx_word' id='word_1_146' title='bbox 497 1185 570 1227; x_wconf 79' lang='lat' dir='ltr'>Cn.</span> <span class='ocrx_word' id='word_1_147' title='bbox 610 1186 850 1227; x_wconf 86' lang='lat' dir='ltr'>Carbonem</span> <span class='ocrx_word' id='word_1_148' title='bbox 894 1187 1130 1241; x_wconf 89' lang='lat' dir='ltr'>spoliatum</span> <span class='ocrx_word' id='word_1_149' title='bbox 1169 1201 1194 1227; x_wconf 88' lang='lat' dir='ltr'>a</span> <span class='ocrx_word' id='word_1_150' title='bbox 1232 1201 1356 1240; x_wconf 87' lang='lat' dir='ltr'>quae-</span> 
     </span>
     <span class='ocr_line' id='line_1_21' title="bbox 14 1245 1357 1299; baseline 0 -13"><span class='ocrx_word' id='word_1_151' title='bbox 14 1248 128 1287; x_wconf 88' lang='lat' dir='ltr'>store</span> <span class='ocrx_word' id='word_1_152' title='bbox 160 1259 236 1286; x_wconf 91' lang='lat' dir='ltr'>suo</span> <span class='ocrx_word' id='word_1_153' title='bbox 268 1245 448 1299; x_wconf 89' lang='lat' dir='ltr'>pecunia</span> <span class='ocrx_word' id='word_1_154' title='bbox 478 1245 662 1299; x_wconf 86' lang='lat' dir='ltr'>publica,</span> <span class='ocrx_word' id='word_1_155' title='bbox 694 1245 903 1286; x_wconf 88' lang='lat' dir='ltr'>nudatum</span> <span class='ocrx_word' id='word_1_156' title='bbox 936 1247 978 1286; x_wconf 90' lang='lat' dir='ltr'>et</span> <span class='ocrx_word' id='word_1_157' title='bbox 1010 1245 1229 1299; x_wconf 86' lang='lat' dir='ltr'>proditum</span> <span class='ocrx_word' id='word_1_158' title='bbox 1262 1260 1357 1286; x_wconf 89' lang='lat' dir='ltr'>con-</span> 
     </span>
     <span class='ocr_line' id='line_1_22' title="bbox 14 1303 1357 1357; baseline -0.001 -11"><span class='ocrx_word' id='word_1_159' title='bbox 14 1304 159 1357; x_wconf 90' lang='lat' dir='ltr'>sulem,</span> <span class='ocrx_word' id='word_1_160' title='bbox 186 1303 401 1344; x_wconf 83' lang='lat' dir='ltr'>desertum</span> <span class='ocrx_word' id='word_1_161' title='bbox 428 1304 673 1357; x_wconf 79' lang='lat' dir='ltr'>exercitum,</span> <span class='ocrx_word' id='word_1_162' title='bbox 699 1304 893 1345; x_wconf 87' lang='lat' dir='ltr'>relictam</span> <span class='ocrx_word' id='word_1_163' title='bbox 921 1304 1201 1357; x_wconf 87' lang='lat' dir='ltr'>provinciam,</span> <span class='ocrx_word' id='word_1_164' title='bbox 1227 1304 1357 1345; x_wconf 90' lang='lat' dir='ltr'>sortis</span> 
     </span>
     <span class='ocr_line' id='line_1_23' title="bbox 11 1362 1357 1417; baseline -0.001 -13"><span class='ocrx_word' id='word_1_165' title='bbox 11 1362 366 1404; x_wconf 89' lang='lat' dir='ltr'>necessitudinem</span> <span class='ocrx_word' id='word_1_166' title='bbox 398 1362 736 1417; x_wconf 84' lang='lat' dir='ltr'>religionemque</span> <span class='ocrx_word' id='word_1_167' title='bbox 767 1362 1006 1403; x_wconf 80' lang='lat' dir='ltr'>violatam?</span> <span class='ocrx_word' id='word_1_168' title='bbox 1042 1362 1160 1404; x_wconf 91' lang='lat' dir='ltr'>cuius</span> <span class='ocrx_word' id='word_1_169' title='bbox 1194 1363 1357 1417; x_wconf 88' lang='lat' dir='ltr'>legatio</span> 
     </span>
     <span class='ocr_line' id='line_1_24' title="bbox 13 1420 1359 1475; baseline 0 -13"><span class='ocrx_word' id='word_1_170' title='bbox 13 1421 190 1463; x_wconf 85' lang='lat' dir='ltr'>exitium</span> <span class='ocrx_word' id='word_1_171' title='bbox 225 1420 308 1462; x_wconf 84' lang='lat' dir='ltr'>fuit</span> <span class='ocrx_word' id='word_1_172' title='bbox 346 1420 476 1461; x_wconf 85' lang='lat' dir='ltr'>Asiae</span> <span class='ocrx_word' id='word_1_173' title='bbox 513 1421 648 1462; x_wconf 88' lang='lat' dir='ltr'>totius</span> <span class='ocrx_word' id='word_1_174' title='bbox 688 1423 730 1461; x_wconf 92' lang='lat' dir='ltr'>et</span> <span class='ocrx_word' id='word_1_175' title='bbox 767 1420 1067 1475; x_wconf 72' lang='lat' dir='ltr'>Pamphyliae,</span> <span class='ocrx_word' id='word_1_176' title='bbox 1112 1421 1266 1475; x_wconf 87' lang='lat' dir='ltr'>quibus</span> <span class='ocrx_word' id='word_1_177' title='bbox 1314 1422 1359 1462; x_wconf 89' lang='lat' dir='ltr'>in</span> 
     </span>
     <span class='ocr_line' id='line_1_25' title="bbox 13 1479 1360 1535; baseline 0 -14"><span class='ocrx_word' id='word_1_178' title='bbox 13 1479 243 1535; x_wconf 84' lang='lat' dir='ltr'>provinciis</span> <span class='ocrx_word' id='word_1_179' title='bbox 276 1479 436 1520; x_wconf 88' lang='lat' dir='ltr'>multas</span> <span class='ocrx_word' id='word_1_180' title='bbox 469 1479 631 1533; x_wconf 87' lang='lat' dir='ltr'>domos,</span> <span class='ocrx_word' id='word_1_181' title='bbox 662 1479 871 1534; x_wconf 88' lang='lat' dir='ltr'>plurimas</span> <span class='ocrx_word' id='word_1_182' title='bbox 904 1480 1050 1531; x_wconf 84' lang='lat' dir='ltr'>urbes,</span> <span class='ocrx_word' id='word_1_183' title='bbox 1083 1480 1228 1521; x_wconf 89' lang='lat' dir='ltr'>omnia</span> <span class='ocrx_word' id='word_1_184' title='bbox 1257 1479 1360 1521; x_wconf 84' lang='lat' dir='ltr'>fana</span> 
     </span>
     <span class='ocr_line' id='line_1_26' title="bbox 15 1537 1359 1593; baseline -0.001 -13"><span class='ocrx_word' id='word_1_185' title='bbox 15 1539 287 1593; x_wconf 88' lang='lat' dir='ltr'>depeculatus</span> <span class='ocrx_word' id='word_1_186' title='bbox 327 1540 409 1591; x_wconf 90' lang='lat' dir='ltr'>est,</span> <span class='ocrx_word' id='word_1_187' title='bbox 446 1540 539 1579; x_wconf 88' lang='lat' dir='ltr'>tum</span> <span class='ocrx_word' id='word_1_188' title='bbox 577 1553 672 1580; x_wconf 92' lang='lat' dir='ltr'>cum</span> <span class='ocrx_word' id='word_1_189' title='bbox 706 1539 769 1589; x_wconf 92' lang='lat' dir='ltr'>[in</span> <span class='ocrx_word' id='word_1_190' title='bbox 800 1537 874 1580; x_wconf 85' lang='lat' dir='ltr'>Cn.</span> <span class='ocrx_word' id='word_1_191' title='bbox 906 1537 1200 1590; x_wconf 89' lang='lat' dir='ltr'>Dolabellam]</span> <span class='ocrx_word' id='word_1_192' title='bbox 1235 1553 1359 1580; x_wconf 91' lang='lat' dir='ltr'>suum</span> 
     </span>
     <span class='ocr_line' id='line_1_27' title="bbox 15 1596 1359 1651; baseline 0 -13"><span class='ocrx_word' id='word_1_193' title='bbox 15 1598 151 1639; x_wconf 87' lang='lat' dir='ltr'>scelus</span> <span class='ocrx_word' id='word_1_194' title='bbox 182 1596 292 1638; x_wconf 89' lang='lat' dir='ltr'>illud</span> <span class='ocrx_word' id='word_1_195' title='bbox 324 1596 555 1651; x_wconf 89' lang='lat' dir='ltr'>pristinum</span> <span class='ocrx_word' id='word_1_196' title='bbox 592 1597 817 1638; x_wconf 88' lang='lat' dir='ltr'>renovavit</span> <span class='ocrx_word' id='word_1_197' title='bbox 855 1599 898 1637; x_wconf 91' lang='lat' dir='ltr'>et</span> <span class='ocrx_word' id='word_1_198' title='bbox 935 1596 1196 1638; x_wconf 87' lang='lat' dir='ltr'>instauravit</span> <span class='ocrx_word' id='word_1_199' title='bbox 1235 1612 1359 1651; x_wconf 89' lang='lat' dir='ltr'>quae-</span> 
     </span>
     <span class='ocr_line' id='line_1_28' title="bbox 15 1655 1359 1710; baseline 0 -13"><span class='ocrx_word' id='word_1_200' title='bbox 15 1656 212 1709; x_wconf 86' lang='lat' dir='ltr'>storium,</span> <span class='ocrx_word' id='word_1_201' title='bbox 251 1670 345 1696; x_wconf 86' lang='lat' dir='ltr'>cum</span> <span class='ocrx_word' id='word_1_202' title='bbox 385 1670 498 1707; x_wconf 87' lang='lat' dir='ltr'>eum,</span> <span class='ocrx_word' id='word_1_203' title='bbox 537 1655 604 1696; x_wconf 92' lang='lat' dir='ltr'>cui</span> <span class='ocrx_word' id='word_1_204' title='bbox 642 1658 685 1696; x_wconf 93' lang='lat' dir='ltr'>et</span> <span class='ocrx_word' id='word_1_205' title='bbox 722 1656 893 1710; x_wconf 87' lang='lat' dir='ltr'>legatus</span> <span class='ocrx_word' id='word_1_206' title='bbox 932 1658 975 1696; x_wconf 87' lang='lat' dir='ltr'>et</span> <span class='ocrx_word' id='word_1_207' title='bbox 1012 1670 1090 1709; x_wconf 88' lang='lat' dir='ltr'>pro</span> <span class='ocrx_word' id='word_1_208' title='bbox 1132 1658 1359 1709; x_wconf 89' lang='lat' dir='ltr'>quaestore</span> 
     </span>
     <span class='ocr_line' id='line_1_29' title="bbox 14 1713 1362 1769; baseline -0.001 -13"><span class='ocrx_word' id='word_1_209' title='bbox 14 1715 183 1769; x_wconf 86' lang='lat' dir='ltr'>fuisset,</span> <span class='ocrx_word' id='word_1_210' title='bbox 227 1716 270 1755; x_wconf 91' lang='lat' dir='ltr'>et</span> <span class='ocrx_word' id='word_1_211' title='bbox 306 1714 352 1754; x_wconf 92' lang='lat' dir='ltr'>in</span> <span class='ocrx_word' id='word_1_212' title='bbox 388 1713 595 1755; x_wconf 88' lang='lat' dir='ltr'>invidiam</span> <span class='ocrx_word' id='word_1_213' title='bbox 633 1714 720 1754; x_wconf 89' lang='lat' dir='ltr'>suis</span> <span class='ocrx_word' id='word_1_214' title='bbox 760 1713 981 1755; x_wconf 88' lang='lat' dir='ltr'>maleficiis</span> <span class='ocrx_word' id='word_1_215' title='bbox 1021 1714 1198 1754; x_wconf 84' lang='lat' dir='ltr'>adduxit</span> <span class='ocrx_word' id='word_1_216' title='bbox 1236 1717 1279 1755; x_wconf 92' lang='lat' dir='ltr'>et</span> <span class='ocrx_word' id='word_1_217' title='bbox 1316 1714 1362 1755; x_wconf 93' lang='lat' dir='ltr'>in</span> 
     </span>
     <span class='ocr_line' id='line_1_30' title="bbox 15 1772 1360 1828; baseline 0 -14"><span class='ocrx_word' id='word_1_218' title='bbox 15 1772 117 1827; x_wconf 88' lang='lat' dir='ltr'>ipsis</span> <span class='ocrx_word' id='word_1_219' title='bbox 149 1772 352 1828; x_wconf 89' lang='lat' dir='ltr'>periculis</span> <span class='ocrx_word' id='word_1_220' title='bbox 377 1786 464 1814; x_wconf 90' lang='lat' dir='ltr'>non</span> <span class='ocrx_word' id='word_1_221' title='bbox 490 1773 630 1814; x_wconf 91' lang='lat' dir='ltr'>solum</span> <span class='ocrx_word' id='word_1_222' title='bbox 657 1772 856 1826; x_wconf 90' lang='lat' dir='ltr'>deseruit,</span> <span class='ocrx_word' id='word_1_223' title='bbox 883 1773 956 1813; x_wconf 89' lang='lat' dir='ltr'>sed</span> <span class='ocrx_word' id='word_1_224' title='bbox 983 1772 1113 1813; x_wconf 88' lang='lat' dir='ltr'>etiam</span> <span class='ocrx_word' id='word_1_225' title='bbox 1142 1787 1360 1828; x_wconf 89' lang='lat' dir='ltr'>oppugna-</span> 
     </span>
     <span class='ocr_line' id='line_1_31' title="bbox 16 1831 1431 1886; baseline -0.002 -13"><span class='ocrx_word' id='word_1_226' title='bbox 16 1831 77 1873; x_wconf 89' lang='lat' dir='ltr'>vit</span> <span class='ocrx_word' id='word_1_227' title='bbox 115 1846 163 1874; x_wconf 88' lang='lat' dir='ltr'>ac</span> <span class='ocrx_word' id='word_1_228' title='bbox 194 1831 402 1886; x_wconf 76' lang='lat' dir='ltr'>prodidit3</span> <span class='ocrx_word' id='word_1_229' title='bbox 440 1831 557 1872; x_wconf 90' lang='lat' dir='ltr'>cuius</span> <span class='ocrx_word' id='word_1_230' title='bbox 589 1834 793 1886; x_wconf 90' lang='lat' dir='ltr'>praetura</span> <span class='ocrx_word' id='word_1_231' title='bbox 824 1832 990 1872; x_wconf 88' lang='lat' dir='ltr'>urbana</span> <span class='ocrx_word' id='word_1_232' title='bbox 1023 1831 1192 1873; x_wconf 90' lang='lat' dir='ltr'>aedium</span> <span class='ocrx_word' id='word_1_233' title='bbox 1225 1846 1362 1873; x_wconf 87' lang='lat' dir='ltr'>sacra·</span> <span class='ocrx_word' id='word_1_234' title='bbox 1389 1840 1431 1871; x_wconf 79' lang='lat'>12</span> 
     </span>
     <span class='ocr_line' id='line_1_32' title="bbox 17 1890 1363 1944; baseline -0.001 -12"><span class='ocrx_word' id='word_1_235' title='bbox 17 1904 109 1932; x_wconf 86' lang='lat' dir='ltr'>rum</span> <span class='ocrx_word' id='word_1_236' title='bbox 138 1890 222 1932; x_wconf 82' lang='lat' dir='ltr'>fuit</span> <span class='ocrx_word' id='word_1_237' title='bbox 252 1890 607 1944; x_wconf 87' lang='lat' dir='ltr'>publicorumque</span> <span class='ocrx_word' id='word_1_238' title='bbox 640 1905 817 1944; x_wconf 90' lang='lat' dir='ltr'>operum</span> <span class='ocrx_word' id='word_1_239' title='bbox 850 1890 1130 1944; x_wconf 87' lang='lat' dir='ltr'>depeculatio,</span> <span class='ocrx_word' id='word_1_240' title='bbox 1163 1890 1291 1931; x_wconf 89' lang='lat' dir='ltr'>simul</span> <span class='ocrx_word' id='word_1_241' title='bbox 1318 1890 1363 1931; x_wconf 87' lang='lat' dir='ltr'>in</span> 
     </span>
     <span class='ocr_line' id='line_1_33' title="bbox 16 1948 1362 2002; baseline -0.001 -12"><span class='ocrx_word' id='word_1_242' title='bbox 16 1948 104 1990; x_wconf 88' lang='lat' dir='ltr'>iure</span> <span class='ocrx_word' id='word_1_243' title='bbox 125 1948 304 1990; x_wconf 89' lang='lat' dir='ltr'>dicundo</span> <span class='ocrx_word' id='word_1_244' title='bbox 326 1948 537 1989; x_wconf 91' lang='lat' dir='ltr'>bonorum</span> <span class='ocrx_word' id='word_1_245' title='bbox 563 1949 968 2002; x_wconf 87' lang='lat' dir='ltr'>possessionumque</span> <span class='ocrx_word' id='word_1_246' title='bbox 995 1951 1146 1990; x_wconf 90' lang='lat' dir='ltr'>contra</span> <span class='ocrx_word' id='word_1_247' title='bbox 1172 1949 1362 1990; x_wconf 89' lang='lat' dir='ltr'>omnium</span> 
     </span>
     <span class='ocr_line' id='line_1_34' title="bbox 17 2006 1363 2049; baseline 0.001 -2"><span class='ocrx_word' id='word_1_248' title='bbox 17 2006 214 2049; x_wconf 89' lang='lat' dir='ltr'>instituta</span> <span class='ocrx_word' id='word_1_249' title='bbox 251 2007 437 2048; x_wconf 89' lang='lat' dir='ltr'>addictio</span> <span class='ocrx_word' id='word_1_250' title='bbox 476 2009 519 2048; x_wconf 92' lang='lat' dir='ltr'>et</span> <span class='ocrx_word' id='word_1_251' title='bbox 557 2007 825 2049; x_wconf 86' lang='lat' dir='ltr'>condonatio.</span> <span class='ocrx_word' id='word_1_252' title='bbox 892 2006 987 2047; x_wconf 90' lang='lat' dir='ltr'>Iam</span> <span class='ocrx_word' id='word_1_253' title='bbox 1024 2021 1125 2048; x_wconf 79' lang='lat' dir='ltr'>vero</span> <span class='ocrx_word' id='word_1_254' title='bbox 1171 2007 1363 2048; x_wconf 90' lang='lat' dir='ltr'>omnium</span> 
     </span>
     <span class='ocr_line' id='line_1_35' title="bbox 18 2065 1363 2120; baseline 0.001 -14"><span class='ocrx_word' id='word_1_255' title='bbox 18 2065 219 2108; x_wconf 85' lang='lat' dir='ltr'>vitiorum</span> <span class='ocrx_word' id='word_1_256' title='bbox 253 2080 425 2106; x_wconf 89' lang='lat' dir='ltr'>suorum</span> <span class='ocrx_word' id='word_1_257' title='bbox 457 2066 643 2120; x_wconf 89' lang='lat' dir='ltr'>plurima</span> <span class='ocrx_word' id='word_1_258' title='bbox 675 2068 717 2106; x_wconf 91' lang='lat' dir='ltr'>et</span> <span class='ocrx_word' id='word_1_259' title='bbox 748 2065 936 2106; x_wconf 85' lang='lat' dir='ltr'>maxima</span> <span class='ocrx_word' id='word_1_260' title='bbox 968 2065 1193 2106; x_wconf 86' lang='lat' dir='ltr'>constituit</span> <span class='ocrx_word' id='word_1_261' title='bbox 1231 2066 1363 2107; x_wconf 89' lang='lat' dir='ltr'>moni-</span> 
     </span>
     <span class='ocr_line' id='line_1_36' title="bbox 0 2123 1364 2179; baseline 0 -14"><span class='ocrx_word' id='word_1_262' title='bbox 0 2127 161 2166; x_wconf 52' lang='lat' dir='ltr'>=menta</span> <span class='ocrx_word' id='word_1_263' title='bbox 192 2127 235 2166; x_wconf 91' lang='lat' dir='ltr'>et</span> <span class='ocrx_word' id='word_1_264' title='bbox 265 2124 423 2165; x_wconf 86' lang='lat' dir='ltr'>indicia</span> <span class='ocrx_word' id='word_1_265' title='bbox 465 2125 510 2165; x_wconf 90' lang='lat' dir='ltr'>in</span> <span class='ocrx_word' id='word_1_266' title='bbox 548 2124 769 2179; x_wconf 88' lang='lat' dir='ltr'>provincia</span> <span class='ocrx_word' id='word_1_267' title='bbox 800 2123 963 2177; x_wconf 79' lang='lat' dir='ltr'>Sicilia,</span> <span class='ocrx_word' id='word_1_268' title='bbox 1002 2138 1132 2178; x_wconf 90' lang='lat' dir='ltr'>quam</span> <span class='ocrx_word' id='word_1_269' title='bbox 1168 2124 1250 2165; x_wconf 88' lang='lat' dir='ltr'>iste</span> <span class='ocrx_word' id='word_1_270' title='bbox 1288 2139 1364 2179; x_wconf 91' lang='lat' dir='ltr'>per</span> 
     </span>
     <span class='ocr_line' id='line_1_37' title="bbox 18 2182 1364 2238; baseline 0.001 -15"><span class='ocrx_word' id='word_1_271' title='bbox 18 2182 248 2224; x_wconf 89' lang='lat' dir='ltr'>triennium</span> <span class='ocrx_word' id='word_1_272' title='bbox 285 2183 348 2224; x_wconf 90' lang='lat' dir='ltr'>ita</span> <span class='ocrx_word' id='word_1_273' title='bbox 384 2183 556 2224; x_wconf 80' lang='lat' dir='ltr'>vexavit</span> <span class='ocrx_word' id='word_1_274' title='bbox 595 2197 642 2225; x_wconf 88' lang='lat' dir='ltr'>ac</span> <span class='ocrx_word' id='word_1_275' title='bbox 689 2183 893 2238; x_wconf 87' lang='lat' dir='ltr'>perdidit,</span> <span class='ocrx_word' id='word_1_276' title='bbox 933 2185 982 2223; x_wconf 89' lang='lat' dir='ltr'>ut</span> <span class='ocrx_word' id='word_1_277' title='bbox 1014 2197 1064 2224; x_wconf 91' lang='lat' dir='ltr'>ea</span> <span class='ocrx_word' id='word_1_278' title='bbox 1106 2183 1278 2224; x_wconf 89' lang='lat' dir='ltr'>restitui</span> <span class='ocrx_word' id='word_1_279' title='bbox 1320 2183 1364 2224; x_wconf 93' lang='lat' dir='ltr'>in</span> 
     </span>
     <span class='ocr_line' id='line_1_38' title="bbox 20 2241 1366 2296; baseline 0 -14"><span class='ocrx_word' id='word_1_280' title='bbox 20 2241 241 2296; x_wconf 85' lang='lat' dir='ltr'>antiquum</span> <span class='ocrx_word' id='word_1_281' title='bbox 279 2244 442 2283; x_wconf 87' lang='lat' dir='ltr'>statum</span> <span class='ocrx_word' id='word_1_282' title='bbox 478 2242 599 2283; x_wconf 90' lang='lat' dir='ltr'>nullo</span> <span class='ocrx_word' id='word_1_283' title='bbox 638 2242 764 2283; x_wconf 91' lang='lat' dir='ltr'>modo</span> <span class='ocrx_word' id='word_1_284' title='bbox 806 2241 963 2296; x_wconf 85' lang='lat' dir='ltr'>possit,</span> <span class='ocrx_word' id='word_1_285' title='bbox 1002 2241 1073 2283; x_wconf 78' lang='lat' dir='ltr'>vix</span> <span class='ocrx_word' id='word_1_286' title='bbox 1112 2244 1256 2283; x_wconf 88' lang='lat' dir='ltr'>autem</span> <span class='ocrx_word' id='word_1_287' title='bbox 1289 2257 1366 2293; x_wconf 75' lang='lat' dir='ltr'>per·</span> 
     </span>
    </p>
   </div>
   <div class='ocr_carea' id='block_1_3' title="bbox 1586 0 1618 499">
    <p class='ocr_par' dir='ltr' id='par_1_5' title="bbox 1586 0 1618 499">
     <span class='ocr_line' id='line_1_39' title="bbox 1586 0 1618 499; baseline 0 2085"><span class='ocrx_word' id='word_1_288' title='bbox 1586 0 1618 499; x_wconf 95' lang='lat' dir='ltr'> </span> 
     </span>
    </p>
   </div>
   <div class='ocr_carea' id='block_1_4' title="bbox 0 2510 1618 2584">
    <p class='ocr_par' dir='ltr' id='par_1_6' title="bbox 0 2510 1618 2584">
     <span class='ocr_line' id='line_1_40' title="bbox 0 2510 1618 2584; baseline 0 0"><span class='ocrx_word' id='word_1_289' title='bbox 0 2510 1618 2584; x_wconf 57' lang='lat'>1——</span> 
     </span>
    </p>
   </div>
  </div>
 </body>
</html>
