<?xml version="1.0" encoding="UTF-8"?>
<!DOCTYPE html PUBLIC "-//W3C//DTD XHTML 1.0 Transitional//EN"
    "http://www.w3.org/TR/xhtml1/DTD/xhtml1-transitional.dtd">
<html xmlns="http://www.w3.org/1999/xhtml" xml:lang="en" lang="en">
 <head>
  <title>
</title>
<meta http-equiv="Content-Type" content="text/html;charset=utf-8" />
  <meta name='ocr-system' content='tesseract 3.04.00' />
  <meta name='ocr-capabilities' content='ocr_page ocr_carea ocr_par ocr_line ocrx_word'/>
</head>
<body>
  <div class='ocr_page' id='page_1' title='image "./p1scriptaquaemanse02ciceuoft_0426.png"; bbox 0 0 1618 2584; ppageno 0'>
   <div class='ocr_carea' id='block_1_1' title="bbox 152 218 1091 260">
    <p class='ocr_par' dir='ltr' id='par_1_1' title="bbox 152 218 1091 260">
     <span class='ocr_line' id='line_1_1' title="bbox 152 218 1091 260; baseline 0.002 -9"><span class='ocrx_word' id='word_1_1' title='bbox 152 220 237 260; x_wconf 77' lang='lat'>312</span> <span class='ocrx_word' id='word_1_2' title='bbox 545 219 596 252; x_wconf 61' lang='lat' dir='ltr'>ix</span> <span class='ocrx_word' id='word_1_3' title='bbox 626 219 660 253; x_wconf 81' lang='grc'>0.</span> <span class='ocrx_word' id='word_1_4' title='bbox 689 218 889 253; x_wconf 78' lang='lat' dir='ltr'><strong>VERREM</strong></span> <span class='ocrx_word' id='word_1_5' title='bbox 916 218 1019 253; x_wconf 78' lang='lat' dir='ltr'>Aer.</span> <span class='ocrx_word' id='word_1_6' title='bbox 1047 220 1091 253; x_wconf 87' lang='lat' dir='ltr'>n.</span> 
     </span>
    </p>
   </div>
   <div class='ocr_carea' id='block_1_2' title="bbox 152 314 1493 779">
    <p class='ocr_par' dir='ltr' id='par_1_2' title="bbox 152 314 1493 779">
     <span class='ocr_line' id='line_1_2' title="bbox 153 314 1491 370; baseline -0.001 -13"><span class='ocrx_word' id='word_1_7' title='bbox 153 317 276 370; x_wconf 81' lang='lat' dir='ltr'>dices,</span> <span class='ocrx_word' id='word_1_8' title='bbox 304 316 417 370; x_wconf 85' lang='lat' dir='ltr'>quod</span> <span class='ocrx_word' id='word_1_9' title='bbox 437 316 603 356; x_wconf 91' lang='lat' dir='ltr'>utinam</span> <span class='ocrx_word' id='word_1_10' title='bbox 631 314 761 355; x_wconf 75' lang='lat' dir='ltr'>dicas!</span> <span class='ocrx_word' id='word_1_11' title='bbox 797 314 849 355; x_wconf 85' lang='lat' dir='ltr'>ad</span> <span class='ocrx_word' id='word_1_12' title='bbox 870 314 1108 367; x_wconf 86' lang='lat' dir='ltr'>Apronium</span> <span class='ocrx_word' id='word_1_13' title='bbox 1134 330 1219 356; x_wconf 87' lang='lat' dir='ltr'>non</span> <span class='ocrx_word' id='word_1_14' title='bbox 1245 315 1491 370; x_wconf 83' lang='lat' dir='ltr'>pervenisse</span> 
     </span>
     <span class='ocr_line' id='line_1_3' title="bbox 153 372 1491 427; baseline -0.002 -11"><span class='ocrx_word' id='word_1_15' title='bbox 153 378 333 416; x_wconf 87' lang='lat' dir='ltr'>tantum.</span> <span class='ocrx_word' id='word_1_16' title='bbox 390 374 459 415; x_wconf 88' lang='lat' dir='ltr'>Ita</span> <span class='ocrx_word' id='word_1_17' title='bbox 491 377 532 414; x_wconf 91' lang='lat' dir='ltr'>te</span> <span class='ocrx_word' id='word_1_18' title='bbox 565 388 651 414; x_wconf 91' lang='lat' dir='ltr'>non</span> <span class='ocrx_word' id='word_1_19' title='bbox 684 372 808 413; x_wconf 84' lang='lat' dir='ltr'>modo</span> <span class='ocrx_word' id='word_1_20' title='bbox 842 373 1024 426; x_wconf 79' lang='lat' dir='ltr'>publicis</span> <span class='ocrx_word' id='word_1_21' title='bbox 1057 374 1223 427; x_wconf 85' lang='lat' dir='ltr'>tenebo,</span> <span class='ocrx_word' id='word_1_22' title='bbox 1256 373 1328 414; x_wconf 87' lang='lat' dir='ltr'>sed</span> <span class='ocrx_word' id='word_1_23' title='bbox 1361 374 1491 414; x_wconf 88' lang='lat' dir='ltr'>etiam</span> 
     </span>
     <span class='ocr_line' id='line_1_4' title="bbox 152 431 1490 488; baseline -0.001 -13"><span class='ocrx_word' id='word_1_24' title='bbox 152 434 333 488; x_wconf 81' lang='lat' dir='ltr'>privatis</span> <span class='ocrx_word' id='word_1_25' title='bbox 362 436 581 474; x_wconf 85' lang='lat' dir='ltr'>aratorum</span> <span class='ocrx_word' id='word_1_26' title='bbox 609 431 881 485; x_wconf 71' lang='lat' dir='ltr'>pactionibus</span> <span class='ocrx_word' id='word_1_27' title='bbox 910 446 957 472; x_wconf 83' lang='lat' dir='ltr'>ac</span> <span class='ocrx_word' id='word_1_28' title='bbox 985 432 1156 485; x_wconf 89' lang='lat' dir='ltr'>litteris,</span> <span class='ocrx_word' id='word_1_29' title='bbox 1187 435 1235 473; x_wconf 88' lang='lat' dir='ltr'>ut</span> <span class='ocrx_word' id='word_1_30' title='bbox 1260 432 1490 487; x_wconf 74' lang='lat' dir='ltr'>intellegas</span> 
     </span>
     <span class='ocr_line' id='line_1_5' title="bbox 152 490 1491 545; baseline -0.001 -12"><span class='ocrx_word' id='word_1_31' title='bbox 152 508 236 533; x_wconf 83' lang='lat' dir='ltr'>non</span> <span class='ocrx_word' id='word_1_32' title='bbox 275 495 317 532; x_wconf 91' lang='lat' dir='ltr'>te</span> <span class='ocrx_word' id='word_1_33' title='bbox 358 491 675 545; x_wconf 61' lang='lat' dir='ltr'>diligentiorem</span> <span class='ocrx_word' id='word_1_34' title='bbox 713 490 757 530; x_wconf 90' lang='lat' dir='ltr'>in</span> <span class='ocrx_word' id='word_1_35' title='bbox 794 490 1002 530; x_wconf 81' lang='lat' dir='ltr'>faciundis</span> <span class='ocrx_word' id='word_1_36' title='bbox 1041 490 1171 531; x_wconf 83' lang='lat' dir='ltr'>fuisse</span> <span class='ocrx_word' id='word_1_37' title='bbox 1203 490 1330 531; x_wconf 86' lang='lat' dir='ltr'>furtis</span> <span class='ocrx_word' id='word_1_38' title='bbox 1364 506 1491 544; x_wconf 82' lang='lat' dir='ltr'>quam</span> 
     </span>
     <span class='ocr_line' id='line_1_6' title="bbox 153 548 1492 604; baseline -0.001 -13"><span class='ocrx_word' id='word_1_39' title='bbox 153 566 219 591; x_wconf 88' lang='lat' dir='ltr'>me</span> <span class='ocrx_word' id='word_1_40' title='bbox 258 551 302 590; x_wconf 93' lang='lat' dir='ltr'>in</span> <span class='ocrx_word' id='word_1_41' title='bbox 335 549 708 604; x_wconf 85' lang='lat' dir='ltr'>deprehendendis.</span> <span class='ocrx_word' id='word_1_42' title='bbox 772 548 864 589; x_wconf 80' lang='lat' dir='ltr'>Hoc</span> <span class='ocrx_word' id='word_1_43' title='bbox 896 552 943 589; x_wconf 90' lang='lat' dir='ltr'>tu</span> <span class='ocrx_word' id='word_1_44' title='bbox 976 549 1113 589; x_wconf 74' lang='lat' dir='ltr'>feres?</span> <span class='ocrx_word' id='word_1_45' title='bbox 1152 549 1233 590; x_wconf 88' lang='lat' dir='ltr'>hoc</span> <span class='ocrx_word' id='word_1_46' title='bbox 1266 549 1492 603; x_wconf 85' lang='lat' dir='ltr'>quisquam</span> 
     </span>
     <span class='ocr_line' id='line_1_7' title="bbox 155 607 1492 661; baseline 0 -13"><span class='ocrx_word' id='word_1_47' title='bbox 155 609 377 649; x_wconf 50' lang='lat' dir='ltr'>‹refendeffl</span> <span class='ocrx_word' id='word_1_48' title='bbox 422 608 503 649; x_wconf 87' lang='grc'>1100</span> <span class='ocrx_word' id='word_1_49' title='bbox 540 608 602 660; x_wconf 89' lang='grc'>111,</span> <span class='ocrx_word' id='word_1_50' title='bbox 642 608 677 648; x_wconf 90' lang='grc'>31</span> <span class='ocrx_word' id='word_1_51' title='bbox 717 607 842 647; x_wconf 87' lang='lat' dir='ltr'>aliter</span> <span class='ocrx_word' id='word_1_52' title='bbox 881 607 930 647; x_wconf 90' lang='lat' dir='ltr'>de</span> <span class='ocrx_word' id='word_1_53' title='bbox 968 610 1011 648; x_wconf 92' lang='lat' dir='ltr'>te</span> <span class='ocrx_word' id='word_1_54' title='bbox 1044 610 1233 648; x_wconf 81' lang='lat' dir='ltr'>statuere</span> <span class='ocrx_word' id='word_1_55' title='bbox 1266 608 1492 661; x_wconf 76' lang='lat' dir='ltr'>voluerint,</span> 
     </span>
     <span class='ocr_line' id='line_1_8' title="bbox 155 666 1493 721; baseline -0.001 -14"><span class='ocrx_word' id='word_1_56' title='bbox 155 667 455 708; x_wconf 74' lang='lat' dir='ltr'>sustinebunt?</span> <span class='ocrx_word' id='word_1_57' title='bbox 512 666 609 707; x_wconf 90' lang='lat' dir='ltr'>Uno</span> <span class='ocrx_word' id='word_1_58' title='bbox 638 666 822 706; x_wconf 86' lang='lat' dir='ltr'>adventu</span> <span class='ocrx_word' id='word_1_59' title='bbox 852 681 901 706; x_wconf 83' lang='lat' dir='ltr'>ex</span> <span class='ocrx_word' id='word_1_60' title='bbox 933 680 1016 707; x_wconf 89' lang='lat' dir='ltr'>uno</span> <span class='ocrx_word' id='word_1_61' title='bbox 1051 680 1155 721; x_wconf 75' lang='lat' dir='ltr'>agro</span> <span class='ocrx_word' id='word_1_62' title='bbox 1184 666 1231 714; x_wconf 79' lang='lat' dir='ltr'>Q.</span> <span class='ocrx_word' id='word_1_63' title='bbox 1252 666 1493 720; x_wconf 86' lang='lat' dir='ltr'>Apronium</span> 
     </span>
     <span class='ocr_line' id='line_1_9' title="bbox 154 724 1493 779; baseline 0.002 -16"><span class='ocrx_word' id='word_1_64' title='bbox 154 729 324 779; x_wconf 82' lang='lat' dir='ltr'>praeter</span> <span class='ocrx_word' id='word_1_65' title='bbox 371 740 482 778; x_wconf 83' lang='lat' dir='ltr'>eam,</span> <span class='ocrx_word' id='word_1_66' title='bbox 528 740 655 778; x_wconf 87' lang='lat' dir='ltr'>quam</span> <span class='ocrx_word' id='word_1_67' title='bbox 695 724 797 778; x_wconf 79' lang='lat' dir='ltr'>dixi,</span> <span class='ocrx_word' id='word_1_68' title='bbox 841 724 1064 778; x_wconf 82' lang='lat' dir='ltr'>pecuniam</span> <span class='ocrx_word' id='word_1_69' title='bbox 1104 728 1373 765; x_wconf 85' lang='lat' dir='ltr'>numeratam</span> <span class='ocrx_word' id='word_1_70' title='bbox 1412 736 1493 766; x_wconf 87' lang='lat' dir='ltr'>CCC</span> 
     </span>
    </p>
   </div>
   <div class='ocr_carea' id='block_1_3' title="bbox 86 782 1493 831">
    <p class='ocr_par' dir='ltr' id='par_1_3' title="bbox 86 782 1493 831">
     <span class='ocr_line' id='line_1_10' title="bbox 86 782 1493 831; baseline 0.001 -8"><span class='ocrx_word' id='word_1_71' title='bbox 86 793 150 823; x_wconf 73' lang='grc'>108</span> <span class='ocrx_word' id='word_1_72' title='bbox 179 785 298 825; x_wconf 90' lang='lat' dir='ltr'>milia</span> <span class='ocrx_word' id='word_1_73' title='bbox 325 785 434 825; x_wconf 88' lang='lat' dir='ltr'>mod.</span> <span class='ocrx_word' id='word_1_74' title='bbox 456 783 589 824; x_wconf 85' lang='lat' dir='ltr'>tritici</span> <span class='ocrx_word' id='word_1_75' title='bbox 616 783 722 824; x_wconf 89' lang='lat' dir='ltr'>lucri</span> <span class='ocrx_word' id='word_1_76' title='bbox 748 783 919 824; x_wconf 90' lang='lat' dir='ltr'>nomine</span> <span class='ocrx_word' id='word_1_77' title='bbox 944 784 1197 824; x_wconf 69' lang='lat' dir='ltr'>sustulisse?</span> <span class='ocrx_word' id='word_1_78' title='bbox 1243 782 1380 831; x_wconf 77' lang='lat' dir='ltr'>Quid?</span> <span class='ocrx_word' id='word_1_79' title='bbox 1413 783 1493 824; x_wconf 88' lang='lat' dir='ltr'>hoc</span> 
     </span>
    </p>
   </div>
   <div class='ocr_carea' id='block_1_4' title="bbox 83 1815 138 1855">
    <p class='ocr_par' dir='ltr' id='par_1_4' title="bbox 83 1815 138 1855">
     <span class='ocr_line' id='line_1_11' title="bbox 83 1815 138 1855; baseline 0.018 -1"><span class='ocrx_word' id='word_1_80' title='bbox 83 1815 138 1855; x_wconf 81' lang='lat'>46</span> 
     </span>
    </p>
   </div>
   <div class='ocr_carea' id='block_1_5' title="bbox 86 1867 149 1897">
    <p class='ocr_par' dir='ltr' id='par_1_5' title="bbox 86 1867 149 1897">
     <span class='ocr_line' id='line_1_12' title="bbox 86 1867 149 1897; baseline 0 -1"><span class='ocrx_word' id='word_1_81' title='bbox 86 1867 149 1897; x_wconf 73' lang='lat'>109</span> 
     </span>
    </p>
   </div>
   <div class='ocr_carea' id='block_1_6' title="bbox 153 841 1495 1424">
    <p class='ocr_par' dir='ltr' id='par_1_6' title="bbox 153 841 1495 1424">
     <span class='ocr_line' id='line_1_13' title="bbox 154 841 1493 896; baseline -0.001 -13"><span class='ocrx_word' id='word_1_82' title='bbox 154 843 393 884; x_wconf 72' lang='lat' dir='ltr'>Aetnenses</span> <span class='ocrx_word' id='word_1_83' title='bbox 427 843 508 883; x_wconf 89' lang='lat' dir='ltr'>soli</span> <span class='ocrx_word' id='word_1_84' title='bbox 541 842 713 882; x_wconf 75' lang='lat' dir='ltr'>dicunt?</span> <span class='ocrx_word' id='word_1_85' title='bbox 769 841 906 882; x_wconf 83' lang='lat' dir='ltr'>Immo</span> <span class='ocrx_word' id='word_1_86' title='bbox 941 842 1069 883; x_wconf 80' lang='lat' dir='ltr'>etiam</span> <span class='ocrx_word' id='word_1_87' title='bbox 1103 842 1387 896; x_wconf 80' lang='lat' dir='ltr'>Centuripini,</span> <span class='ocrx_word' id='word_1_88' title='bbox 1422 842 1493 895; x_wconf 90' lang='lat' dir='ltr'>qui</span> 
     </span>
     <span class='ocr_line' id='line_1_14' title="bbox 155 901 1494 957; baseline -0.001 -15"><span class='ocrx_word' id='word_1_89' title='bbox 155 902 248 957; x_wconf 75' lang='lat' dir='ltr'>agri</span> <span class='ocrx_word' id='word_1_90' title='bbox 293 901 523 942; x_wconf 78' lang='lat' dir='ltr'>Aetnensis</span> <span class='ocrx_word' id='word_1_91' title='bbox 575 901 710 941; x_wconf 89' lang='lat' dir='ltr'>multo</span> <span class='ocrx_word' id='word_1_92' title='bbox 761 901 990 941; x_wconf 78' lang='lat' dir='ltr'>maximam</span> <span class='ocrx_word' id='word_1_93' title='bbox 1040 904 1207 954; x_wconf 88' lang='lat' dir='ltr'>partem</span> <span class='ocrx_word' id='word_1_94' title='bbox 1255 901 1494 954; x_wconf 64' lang='lat' dir='ltr'>possident,</span> 
     </span>
     <span class='ocr_line' id='line_1_15' title="bbox 155 959 1495 1015; baseline -0.001 -14"><span class='ocrx_word' id='word_1_95' title='bbox 155 975 336 1014; x_wconf 82' lang='lat' dir='ltr'>quorum</span> <span class='ocrx_word' id='word_1_96' title='bbox 376 960 551 1015; x_wconf 76' lang='lat' dir='ltr'>legatis,</span> <span class='ocrx_word' id='word_1_97' title='bbox 591 959 838 1000; x_wconf 87' lang='lat' dir='ltr'>hominibus</span> <span class='ocrx_word' id='word_1_98' title='bbox 877 959 1178 1011; x_wconf 72' lang='lat' dir='ltr'>nobilissimis,</span> <span class='ocrx_word' id='word_1_99' title='bbox 1219 959 1412 999; x_wconf 87' lang='lat' dir='ltr'>Androni</span> <span class='ocrx_word' id='word_1_100' title='bbox 1454 963 1495 999; x_wconf 89' lang='lat' dir='ltr'>et</span> 
     </span>
     <span class='ocr_line' id='line_1_16' title="bbox 154 1018 1495 1072; baseline -0.001 -13"><span class='ocrx_word' id='word_1_101' title='bbox 154 1019 392 1072; x_wconf 77' lang='lat' dir='ltr'>Artemoni,</span> <span class='ocrx_word' id='word_1_102' title='bbox 426 1021 597 1059; x_wconf 87' lang='lat' dir='ltr'>senatus</span> <span class='ocrx_word' id='word_1_103' title='bbox 626 1033 674 1059; x_wconf 90' lang='lat' dir='ltr'>ea</span> <span class='ocrx_word' id='word_1_104' title='bbox 704 1018 907 1058; x_wconf 81' lang='lat' dir='ltr'>mandata</span> <span class='ocrx_word' id='word_1_105' title='bbox 940 1018 1066 1070; x_wconf 87' lang='lat' dir='ltr'>dedit,</span> <span class='ocrx_word' id='word_1_106' title='bbox 1099 1032 1207 1071; x_wconf 84' lang='lat' dir='ltr'>quae</span> <span class='ocrx_word' id='word_1_107' title='bbox 1239 1018 1408 1071; x_wconf 88' lang='lat' dir='ltr'>publice</span> <span class='ocrx_word' id='word_1_108' title='bbox 1442 1018 1495 1058; x_wconf 86' lang='lat' dir='ltr'>ad</span> 
     </span>
     <span class='ocr_line' id='line_1_17' title="bbox 155 1076 1493 1131; baseline -0.001 -13"><span class='ocrx_word' id='word_1_109' title='bbox 155 1078 373 1119; x_wconf 86' lang='lat' dir='ltr'>civitatem</span> <span class='ocrx_word' id='word_1_110' title='bbox 415 1078 605 1131; x_wconf 86' lang='lat' dir='ltr'>ipsorum</span> <span class='ocrx_word' id='word_1_111' title='bbox 645 1077 935 1130; x_wconf 83' lang='lat' dir='ltr'>pertinebant3</span> <span class='ocrx_word' id='word_1_112' title='bbox 981 1076 1029 1116; x_wconf 85' lang='lat' dir='ltr'>de</span> <span class='ocrx_word' id='word_1_113' title='bbox 1067 1076 1120 1116; x_wconf 89' lang='lat' dir='ltr'>iis</span> <span class='ocrx_word' id='word_1_114' title='bbox 1160 1076 1343 1129; x_wconf 86' lang='lat' dir='ltr'>iniuriis,</span> <span class='ocrx_word' id='word_1_115' title='bbox 1389 1091 1493 1129; x_wconf 85' lang='lat' dir='ltr'>quas</span> 
     </span>
     <span class='ocr_line' id='line_1_18' title="bbox 154 1135 1492 1190; baseline -0.001 -13"><span class='ocrx_word' id='word_1_116' title='bbox 154 1137 266 1178; x_wconf 86' lang='lat' dir='ltr'>cives</span> <span class='ocrx_word' id='word_1_117' title='bbox 301 1136 568 1190; x_wconf 82' lang='lat' dir='ltr'>Centuripini</span> <span class='ocrx_word' id='word_1_118' title='bbox 604 1150 689 1176; x_wconf 90' lang='lat' dir='ltr'>non</span> <span class='ocrx_word' id='word_1_119' title='bbox 721 1136 765 1175; x_wconf 91' lang='lat' dir='ltr'>in</span> <span class='ocrx_word' id='word_1_120' title='bbox 798 1136 903 1187; x_wconf 89' lang='lat' dir='ltr'>suis,</span> <span class='ocrx_word' id='word_1_121' title='bbox 942 1135 1014 1175; x_wconf 87' lang='lat' dir='ltr'>sed</span> <span class='ocrx_word' id='word_1_122' title='bbox 1047 1136 1090 1175; x_wconf 89' lang='lat' dir='ltr'>in</span> <span class='ocrx_word' id='word_1_123' title='bbox 1123 1135 1304 1175; x_wconf 89' lang='lat' dir='ltr'>aliorum</span> <span class='ocrx_word' id='word_1_124' title='bbox 1337 1135 1492 1175; x_wconf 86' lang='lat' dir='ltr'>finibus</span> 
     </span>
     <span class='ocr_line' id='line_1_19' title="bbox 155 1192 1493 1249; baseline -0.001 -13"><span class='ocrx_word' id='word_1_125' title='bbox 155 1198 424 1249; x_wconf 82' lang='lat' dir='ltr'>acceperant,</span> <span class='ocrx_word' id='word_1_126' title='bbox 470 1197 642 1235; x_wconf 85' lang='lat' dir='ltr'>senatus</span> <span class='ocrx_word' id='word_1_127' title='bbox 687 1196 729 1234; x_wconf 88' lang='lat' dir='ltr'>et</span> <span class='ocrx_word' id='word_1_128' title='bbox 766 1195 948 1248; x_wconf 85' lang='lat' dir='ltr'>populus</span> <span class='ocrx_word' id='word_1_129' title='bbox 982 1192 1286 1247; x_wconf 83' lang='lat' dir='ltr'>Centuripinus</span> <span class='ocrx_word' id='word_1_130' title='bbox 1325 1194 1493 1247; x_wconf 71' lang='lat' dir='ltr'>legatos</span> 
     </span>
     <span class='ocr_line' id='line_1_20' title="bbox 153 1252 1492 1307; baseline -0.001 -13"><span class='ocrx_word' id='word_1_131' title='bbox 153 1254 293 1294; x_wconf 90' lang='lat' dir='ltr'>noluit</span> <span class='ocrx_word' id='word_1_132' title='bbox 320 1254 508 1306; x_wconf 78' lang='lat' dir='ltr'>mittere3</span> <span class='ocrx_word' id='word_1_133' title='bbox 543 1254 624 1307; x_wconf 72' lang='lat' dir='ltr'>ipsi</span> <span class='ocrx_word' id='word_1_134' title='bbox 654 1256 845 1293; x_wconf 87' lang='lat' dir='ltr'>aratores</span> <span class='ocrx_word' id='word_1_135' title='bbox 873 1252 1156 1306; x_wconf 72' lang='lat' dir='ltr'>Centuripini,</span> <span class='ocrx_word' id='word_1_136' title='bbox 1189 1252 1261 1305; x_wconf 87' lang='lat' dir='ltr'>qui</span> <span class='ocrx_word' id='word_1_137' title='bbox 1292 1267 1492 1292; x_wconf 77' lang='lat' dir='ltr'>numerus</span> 
     </span>
     <span class='ocr_line' id='line_1_21' title="bbox 155 1311 1494 1353; baseline -0.001 -1"><span class='ocrx_word' id='word_1_138' title='bbox 155 1315 220 1353; x_wconf 80' lang='lat' dir='ltr'>est</span> <span class='ocrx_word' id='word_1_139' title='bbox 257 1313 301 1352; x_wconf 88' lang='lat' dir='ltr'>in</span> <span class='ocrx_word' id='word_1_140' title='bbox 334 1311 478 1352; x_wconf 74' lang='lat' dir='ltr'>Sicilia</span> <span class='ocrx_word' id='word_1_141' title='bbox 517 1312 726 1352; x_wconf 75' lang='lat' dir='ltr'>maximus</span> <span class='ocrx_word' id='word_1_142' title='bbox 762 1311 982 1352; x_wconf 88' lang='lat' dir='ltr'>hominum</span> <span class='ocrx_word' id='word_1_143' title='bbox 1016 1311 1419 1351; x_wconf 78' lang='lat' dir='ltr'>honestissimorum</span> <span class='ocrx_word' id='word_1_144' title='bbox 1453 1314 1494 1350; x_wconf 89' lang='lat' dir='ltr'>et</span> 
     </span>
     <span class='ocr_line' id='line_1_22' title="bbox 154 1370 1494 1424; baseline -0.001 -13"><span class='ocrx_word' id='word_1_145' title='bbox 154 1371 603 1424; x_wconf 82' lang='lat' dir='ltr'>locupletissimorum,</span> <span class='ocrx_word' id='word_1_146' title='bbox 630 1373 716 1410; x_wconf 87' lang='lat' dir='ltr'>tres</span> <span class='ocrx_word' id='word_1_147' title='bbox 744 1370 925 1423; x_wconf 68' lang='lat' dir='ltr'>legatos,</span> <span class='ocrx_word' id='word_1_148' title='bbox 952 1370 1064 1410; x_wconf 84' lang='lat' dir='ltr'>cives</span> <span class='ocrx_word' id='word_1_149' title='bbox 1092 1384 1202 1422; x_wconf 85' lang='lat' dir='ltr'>suos,</span> <span class='ocrx_word' id='word_1_150' title='bbox 1232 1370 1494 1424; x_wconf 74' lang='lat' dir='ltr'>delegerunt,</span> 
     </span>
    </p>
   </div>
   <div class='ocr_carea' id='block_1_7' title="bbox 154 1428 1527 1483">
    <p class='ocr_par' dir='ltr' id='par_1_7' title="bbox 154 1428 1527 1483">
     <span class='ocr_line' id='line_1_23' title="bbox 154 1428 1527 1483; baseline -0.002 -13"><span class='ocrx_word' id='word_1_151' title='bbox 154 1433 201 1470; x_wconf 88' lang='lat' dir='ltr'>ut</span> <span class='ocrx_word' id='word_1_152' title='bbox 228 1444 373 1470; x_wconf 88' lang='lat' dir='ltr'>eorum</span> <span class='ocrx_word' id='word_1_153' title='bbox 399 1429 648 1469; x_wconf 88' lang='lat' dir='ltr'>testimonio</span> <span class='ocrx_word' id='word_1_154' title='bbox 676 1443 761 1468; x_wconf 89' lang='lat' dir='ltr'>non</span> <span class='ocrx_word' id='word_1_155' title='bbox 794 1428 917 1468; x_wconf 88' lang='lat' dir='ltr'>unius</span> <span class='ocrx_word' id='word_1_156' title='bbox 952 1428 1057 1483; x_wconf 77' lang='lat' dir='ltr'>agri,</span> <span class='ocrx_word' id='word_1_157' title='bbox 1090 1428 1162 1468; x_wconf 88' lang='lat' dir='ltr'>sed</span> <span class='ocrx_word' id='word_1_158' title='bbox 1195 1443 1325 1481; x_wconf 84' lang='lat' dir='ltr'>prope</span> <span class='ocrx_word' id='word_1_159' title='bbox 1358 1429 1492 1468; x_wconf 88' lang='lat' dir='ltr'>totius</span> <span class='ocrx_word' id='word_1_160' title='bbox 1515 1440 1527 1463; x_wconf 68' lang='lat'>2</span> 
     </span>
    </p>
   </div>
   <div class='ocr_carea' id='block_1_8' title="bbox 153 1486 1495 1715">
    <p class='ocr_par' dir='ltr' id='par_1_8' title="bbox 153 1486 1495 1715">
     <span class='ocr_line' id='line_1_24' title="bbox 155 1486 1495 1541; baseline -0.001 -13"><span class='ocrx_word' id='word_1_161' title='bbox 155 1487 323 1528; x_wconf 68' lang='lat' dir='ltr'>Siciliae</span> <span class='ocrx_word' id='word_1_162' title='bbox 365 1488 635 1528; x_wconf 71' lang='lat' dir='ltr'>calamitates</span> <span class='ocrx_word' id='word_1_163' title='bbox 676 1487 1003 1541; x_wconf 71' lang='lat' dir='ltr'>cognosceretis.</span> <span class='ocrx_word' id='word_1_164' title='bbox 1072 1486 1212 1527; x_wconf 84' lang='lat' dir='ltr'>Arant</span> <span class='ocrx_word' id='word_1_165' title='bbox 1251 1486 1362 1526; x_wconf 88' lang='lat' dir='ltr'>enim</span> <span class='ocrx_word' id='word_1_166' title='bbox 1402 1489 1495 1527; x_wconf 79' lang='lat' dir='ltr'>tota</span> 
     </span>
     <span class='ocr_line' id='line_1_25' title="bbox 155 1545 1489 1600; baseline -0.001 -13"><span class='ocrx_word' id='word_1_167' title='bbox 155 1546 300 1587; x_wconf 75' lang='lat' dir='ltr'>Sicilia</span> <span class='ocrx_word' id='word_1_168' title='bbox 325 1546 413 1587; x_wconf 83' lang='lat' dir='ltr'>fere</span> <span class='ocrx_word' id='word_1_169' title='bbox 442 1545 723 1599; x_wconf 70' lang='lat' dir='ltr'>Centuripini,</span> <span class='ocrx_word' id='word_1_170' title='bbox 756 1548 798 1585; x_wconf 88' lang='lat' dir='ltr'>et</span> <span class='ocrx_word' id='word_1_171' title='bbox 829 1545 910 1586; x_wconf 88' lang='grc'>1100</span> <span class='ocrx_word' id='word_1_172' title='bbox 942 1546 987 1585; x_wconf 88' lang='grc'>111</span> <span class='ocrx_word' id='word_1_173' title='bbox 1018 1547 1060 1585; x_wconf 89' lang='lat' dir='ltr'>te</span> <span class='ocrx_word' id='word_1_174' title='bbox 1094 1545 1295 1586; x_wconf 86' lang='lat' dir='ltr'>certiores</span> <span class='ocrx_word' id='word_1_175' title='bbox 1329 1546 1489 1600; x_wconf 72' lang='lat' dir='ltr'>gravio·</span> 
     </span>
     <span class='ocr_line' id='line_1_26' title="bbox 154 1604 1493 1659; baseline -0.002 -13"><span class='ocrx_word' id='word_1_176' title='bbox 154 1620 304 1659; x_wconf 81' lang='lat' dir='ltr'>resque</span> <span class='ocrx_word' id='word_1_177' title='bbox 337 1607 471 1645; x_wconf 89' lang='lat' dir='ltr'>testes</span> <span class='ocrx_word' id='word_1_178' title='bbox 506 1607 622 1657; x_wconf 85' lang='lat' dir='ltr'>sunt,</span> <span class='ocrx_word' id='word_1_179' title='bbox 661 1604 773 1657; x_wconf 86' lang='lat' dir='ltr'>quod</span> <span class='ocrx_word' id='word_1_180' title='bbox 806 1606 971 1644; x_wconf 85' lang='lat' dir='ltr'>ceterae</span> <span class='ocrx_word' id='word_1_181' title='bbox 1004 1604 1200 1644; x_wconf 80' lang='lat' dir='ltr'>civitates</span> <span class='ocrx_word' id='word_1_182' title='bbox 1234 1604 1320 1644; x_wconf 88' lang='lat' dir='ltr'>suis</span> <span class='ocrx_word' id='word_1_183' title='bbox 1355 1604 1493 1644; x_wconf 87' lang='lat' dir='ltr'>solum</span> 
     </span>
     <span class='ocr_line' id='line_1_27' title="bbox 153 1662 1494 1715; baseline -0.002 -10"><span class='ocrx_word' id='word_1_184' title='bbox 153 1664 434 1705; x_wconf 87' lang='lat' dir='ltr'>incommodis</span> <span class='ocrx_word' id='word_1_185' title='bbox 474 1665 815 1715; x_wconf 82' lang='lat' dir='ltr'>commoventur,</span> <span class='ocrx_word' id='word_1_186' title='bbox 854 1662 1140 1715; x_wconf 65' lang='lat' dir='ltr'>Centuripini,</span> <span class='ocrx_word' id='word_1_187' title='bbox 1179 1662 1291 1715; x_wconf 84' lang='lat' dir='ltr'>quod</span> <span class='ocrx_word' id='word_1_188' title='bbox 1329 1662 1373 1702; x_wconf 89' lang='lat' dir='ltr'>in</span> <span class='ocrx_word' id='word_1_189' title='bbox 1406 1677 1494 1703; x_wconf 81' lang='lat' dir='ltr'>om—</span> 
     </span>
    </p>
   </div>
   <div class='ocr_carea' id='block_1_9' title="bbox 153 1721 1527 1775">
    <p class='ocr_par' dir='ltr' id='par_1_9' title="bbox 153 1721 1527 1775">
     <span class='ocr_line' id='line_1_28' title="bbox 153 1721 1527 1775; baseline -0.001 -12"><span class='ocrx_word' id='word_1_190' title='bbox 153 1723 271 1763; x_wconf 87' lang='lat' dir='ltr'>nium</span> <span class='ocrx_word' id='word_1_191' title='bbox 292 1723 380 1763; x_wconf 80' lang='lat' dir='ltr'>fere</span> <span class='ocrx_word' id='word_1_192' title='bbox 400 1722 557 1762; x_wconf 90' lang='lat' dir='ltr'>finibus</span> <span class='ocrx_word' id='word_1_193' title='bbox 579 1721 871 1775; x_wconf 86' lang='lat' dir='ltr'>possessiones</span> <span class='ocrx_word' id='word_1_194' title='bbox 898 1721 1072 1773; x_wconf 72' lang='lat' dir='ltr'>liabent,</span> <span class='ocrx_word' id='word_1_195' title='bbox 1098 1721 1228 1761; x_wconf 78' lang='lat' dir='ltr'>etiam</span> <span class='ocrx_word' id='word_1_196' title='bbox 1255 1723 1493 1762; x_wconf 85' lang='lat' dir='ltr'>ceterarum</span> <span class='ocrx_word' id='word_1_197' title='bbox 1515 1735 1527 1756; x_wconf 71' lang='lat'>:¹</span> 
     </span>
    </p>
   </div>
   <div class='ocr_carea' id='block_1_10' title="bbox 154 1780 1494 2011">
    <p class='ocr_par' dir='ltr' id='par_1_10' title="bbox 155 1780 1205 1823">
     <span class='ocr_line' id='line_1_29' title="bbox 155 1780 1205 1823; baseline -0.003 -1"><span class='ocrx_word' id='word_1_198' title='bbox 155 1782 378 1823; x_wconf 83' lang='lat' dir='ltr'>civitatum</span> <span class='ocrx_word' id='word_1_199' title='bbox 412 1781 567 1821; x_wconf 84' lang='lat' dir='ltr'>damna</span> <span class='ocrx_word' id='word_1_200' title='bbox 600 1795 647 1821; x_wconf 86' lang='lat' dir='ltr'>ac</span> <span class='ocrx_word' id='word_1_201' title='bbox 680 1780 938 1820; x_wconf 87' lang='lat' dir='ltr'>detrimenta</span> <span class='ocrx_word' id='word_1_202' title='bbox 970 1783 1205 1820; x_wconf 82' lang='lat' dir='ltr'>senserunt.</span> 
     </span>
    </p>

    <p class='ocr_par' dir='ltr' id='par_1_11' title="bbox 154 1838 1494 2011">
     <span class='ocr_line' id='line_1_30' title="bbox 242 1838 1494 1893; baseline -0.002 -13"><span class='ocrx_word' id='word_1_203' title='bbox 242 1839 419 1893; x_wconf 84' lang='lat' dir='ltr'>Verum,</span> <span class='ocrx_word' id='word_1_204' title='bbox 464 1839 527 1879; x_wconf 91' lang='lat' dir='ltr'>uti</span> <span class='ocrx_word' id='word_1_205' title='bbox 572 1839 674 1891; x_wconf 80' lang='lat' dir='ltr'>dixi,</span> <span class='ocrx_word' id='word_1_206' title='bbox 718 1839 828 1879; x_wconf 82' lang='lat' dir='ltr'>ratio</span> <span class='ocrx_word' id='word_1_207' title='bbox 874 1840 990 1879; x_wconf 86' lang='lat' dir='ltr'>certa</span> <span class='ocrx_word' id='word_1_208' title='bbox 1028 1841 1093 1878; x_wconf 89' lang='lat' dir='ltr'>est</span> <span class='ocrx_word' id='word_1_209' title='bbox 1130 1838 1409 1878; x_wconf 84' lang='lat' dir='ltr'>Aetnensium</span> <span class='ocrx_word' id='word_1_210' title='bbox 1451 1847 1494 1879; x_wconf 80' lang='lat' dir='ltr'>et</span> 
     </span>
     <span class='ocr_line' id='line_1_31' title="bbox 154 1897 1492 1953; baseline -0.001 -14"><span class='ocrx_word' id='word_1_211' title='bbox 154 1898 335 1953; x_wconf 86' lang='lat' dir='ltr'>publicis</span> <span class='ocrx_word' id='word_1_212' title='bbox 358 1901 400 1938; x_wconf 91' lang='lat' dir='ltr'>et</span> <span class='ocrx_word' id='word_1_213' title='bbox 419 1898 600 1952; x_wconf 86' lang='lat' dir='ltr'>privatis</span> <span class='ocrx_word' id='word_1_214' title='bbox 622 1897 780 1937; x_wconf 88' lang='lat' dir='ltr'>litteris</span> <span class='ocrx_word' id='word_1_215' title='bbox 802 1897 1070 1951; x_wconf 61' lang='lat' dir='ltr'>ccmsignata,</span> <span class='ocrx_word' id='word_1_216' title='bbox 1099 1912 1216 1937; x_wconf 81' lang='lat' dir='ltr'>meae</span> <span class='ocrx_word' id='word_1_217' title='bbox 1245 1897 1492 1951; x_wconf 73' lang='lat' dir='ltr'>diligentiae</span> 
     </span>
     <span class='ocr_line' id='line_1_32' title="bbox 155 1955 1493 2011; baseline -0.001 -13"><span class='ocrx_word' id='word_1_218' title='bbox 155 1972 332 2010; x_wconf 86' lang='lat' dir='ltr'>pensum</span> <span class='ocrx_word' id='word_1_219' title='bbox 353 1956 492 2011; x_wconf 75' lang='lat' dir='ltr'>magis</span> <span class='ocrx_word' id='word_1_220' title='bbox 513 1957 556 1997; x_wconf 90' lang='lat' dir='ltr'>in</span> <span class='ocrx_word' id='word_1_221' title='bbox 577 1956 785 1996; x_wconf 86' lang='lat' dir='ltr'>Leontino</span> <span class='ocrx_word' id='word_1_222' title='bbox 814 1970 917 2010; x_wconf 74' lang='lat' dir='ltr'>agro</span> <span class='ocrx_word' id='word_1_223' title='bbox 946 1958 1010 1995; x_wconf 88' lang='lat' dir='ltr'>est</span> <span class='ocrx_word' id='word_1_224' title='bbox 1037 1955 1289 2008; x_wconf 57' lang='lat' dir='ltr'>exigendum</span> <span class='ocrx_word' id='word_1_225' title='bbox 1316 1959 1493 2009; x_wconf 77' lang='lat' dir='ltr'>propter</span> 
     </span>
    </p>
   </div>
   <div class='ocr_carea' id='block_1_11' title="bbox 154 2014 1525 2068">
    <p class='ocr_par' dir='ltr' id='par_1_12' title="bbox 154 2014 1525 2068">
     <span class='ocr_line' id='line_1_33' title="bbox 154 2014 1525 2068; baseline -0.002 -11"><span class='ocrx_word' id='word_1_226' title='bbox 154 2017 262 2057; x_wconf 83' lang='lat' dir='ltr'>lianc</span> <span class='ocrx_word' id='word_1_227' title='bbox 308 2030 498 2068; x_wconf 78' lang='lat' dir='ltr'>causam,</span> <span class='ocrx_word' id='word_1_228' title='bbox 545 2015 657 2068; x_wconf 83' lang='lat' dir='ltr'>quod</span> <span class='ocrx_word' id='word_1_229' title='bbox 700 2015 783 2068; x_wconf 86' lang='lat' dir='ltr'>ipsi</span> <span class='ocrx_word' id='word_1_230' title='bbox 821 2014 1019 2055; x_wconf 88' lang='lat' dir='ltr'>Leontini</span> <span class='ocrx_word' id='word_1_231' title='bbox 1062 2014 1230 2067; x_wconf 88' lang='lat' dir='ltr'>publice</span> <span class='ocrx_word' id='word_1_232' title='bbox 1268 2028 1353 2054; x_wconf 92' lang='grc'>11011</span> <span class='ocrx_word' id='word_1_233' title='bbox 1392 2028 1525 2055; x_wconf 73' lang='lat' dir='ltr'>sanes</span> 
     </span>
    </p>
   </div>
   <div class='ocr_carea' id='block_1_12' title="bbox 154 2073 1493 2303">
    <p class='ocr_par' dir='ltr' id='par_1_13' title="bbox 154 2073 1493 2303">
     <span class='ocr_line' id='line_1_34' title="bbox 154 2073 1492 2127; baseline -0.002 -11"><span class='ocrx_word' id='word_1_234' title='bbox 154 2076 337 2116; x_wconf 89' lang='lat' dir='ltr'>multum</span> <span class='ocrx_word' id='word_1_235' title='bbox 365 2089 431 2115; x_wconf 91' lang='lat' dir='ltr'>me</span> <span class='ocrx_word' id='word_1_236' title='bbox 459 2074 730 2125; x_wconf 68' lang='lat' dir='ltr'>adiuverunt,</span> <span class='ocrx_word' id='word_1_237' title='bbox 762 2088 896 2127; x_wconf 85' lang='lat' dir='ltr'>neque</span> <span class='ocrx_word' id='word_1_238' title='bbox 930 2074 1041 2113; x_wconf 90' lang='lat' dir='ltr'>enim</span> <span class='ocrx_word' id='word_1_239' title='bbox 1075 2087 1146 2113; x_wconf 87' lang='lat' dir='ltr'>eos</span> <span class='ocrx_word' id='word_1_240' title='bbox 1179 2073 1262 2113; x_wconf 83' lang='lat' dir='ltr'>isto</span> <span class='ocrx_word' id='word_1_241' title='bbox 1294 2076 1492 2126; x_wconf 84' lang='lat' dir='ltr'>praetore</span> 
     </span>
     <span class='ocr_line' id='line_1_35' title="bbox 155 2131 1493 2185; baseline -0.002 -11"><span class='ocrx_word' id='word_1_242' title='bbox 155 2135 259 2175; x_wconf 81' lang='lat' dir='ltr'>haec</span> <span class='ocrx_word' id='word_1_243' title='bbox 304 2134 632 2174; x_wconf 85' lang='lat' dir='ltr'>decumanorum</span> <span class='ocrx_word' id='word_1_244' title='bbox 671 2132 850 2173; x_wconf 88' lang='lat' dir='ltr'>iniuriae</span> <span class='ocrx_word' id='word_1_245' title='bbox 890 2132 1122 2185; x_wconf 85' lang='lat' dir='ltr'>laeserunt,</span> <span class='ocrx_word' id='word_1_246' title='bbox 1167 2132 1310 2185; x_wconf 90' lang='lat' dir='ltr'>potius</span> <span class='ocrx_word' id='word_1_247' title='bbox 1351 2131 1493 2185; x_wconf 87' lang='lat' dir='ltr'>etiam,</span> 
     </span>
     <span class='ocr_line' id='line_1_36' title="bbox 154 2190 1493 2244; baseline -0.003 -11"><span class='ocrx_word' id='word_1_248' title='bbox 154 2193 332 2244; x_wconf 82' lang='lat' dir='ltr'>iudices,</span> <span class='ocrx_word' id='word_1_249' title='bbox 377 2192 641 2233; x_wconf 86' lang='lat' dir='ltr'>adiuverunt.</span> <span class='ocrx_word' id='word_1_250' title='bbox 709 2191 865 2231; x_wconf 83' lang='lat' dir='ltr'>Mirum</span> <span class='ocrx_word' id='word_1_251' title='bbox 909 2190 1093 2231; x_wconf 83' lang='lat' dir='ltr'>fortasse</span> <span class='ocrx_word' id='word_1_252' title='bbox 1134 2190 1214 2231; x_wconf 87' lang='lat' dir='ltr'>hoc</span> <span class='ocrx_word' id='word_1_253' title='bbox 1255 2190 1377 2230; x_wconf 86' lang='lat' dir='ltr'>vobis</span> <span class='ocrx_word' id='word_1_254' title='bbox 1420 2193 1493 2230; x_wconf 89' lang='lat' dir='ltr'>aut</span> 
     </span>
     <span class='ocr_line' id='line_1_37' title="bbox 155 2248 1492 2303; baseline -0.003 -11"><span class='ocrx_word' id='word_1_255' title='bbox 155 2251 403 2293; x_wconf 86' lang='lat' dir='ltr'>incredibile</span> <span class='ocrx_word' id='word_1_256' title='bbox 448 2251 660 2303; x_wconf 85' lang='lat' dir='ltr'>videatur,</span> <span class='ocrx_word' id='word_1_257' title='bbox 703 2250 747 2290; x_wconf 91' lang='lat' dir='ltr'>in</span> <span class='ocrx_word' id='word_1_258' title='bbox 784 2249 918 2290; x_wconf 86' lang='lat' dir='ltr'>tantis</span> <span class='ocrx_word' id='word_1_259' title='bbox 958 2252 1174 2290; x_wconf 84' lang='lat' dir='ltr'>aratorum</span> <span class='ocrx_word' id='word_1_260' title='bbox 1212 2248 1492 2289; x_wconf 85' lang='lat' dir='ltr'>incommodis</span> 
     </span>
    </p>
   </div>
   <div class='ocr_carea' id='block_1_13' title="bbox 154 2307 1524 2364">
    <p class='ocr_par' dir='ltr' id='par_1_14' title="bbox 154 2307 1524 2364">
     <span class='ocr_line' id='line_1_38' title="bbox 154 2307 1524 2364; baseline -0.004 -13"><span class='ocrx_word' id='word_1_261' title='bbox 154 2310 407 2363; x_wconf 90' lang='lat' dir='ltr'>Leontinos,</span> <span class='ocrx_word' id='word_1_262' title='bbox 440 2310 511 2363; x_wconf 83' lang='lat' dir='ltr'>qui</span> <span class='ocrx_word' id='word_1_263' title='bbox 538 2309 751 2364; x_wconf 85' lang='lat' dir='ltr'>principes</span> <span class='ocrx_word' id='word_1_264' title='bbox 785 2308 846 2349; x_wconf 87' lang='lat' dir='ltr'>rei</span> <span class='ocrx_word' id='word_1_265' title='bbox 877 2308 1183 2348; x_wconf 84' lang='lat' dir='ltr'>frumentariae</span> <span class='ocrx_word' id='word_1_266' title='bbox 1215 2307 1391 2360; x_wconf 84' lang='lat' dir='ltr'>fuerint,</span> <span class='ocrx_word' id='word_1_267' title='bbox 1425 2322 1491 2347; x_wconf 77' lang='lat' dir='ltr'>ex-</span> <span class='ocrx_word' id='word_1_268' title='bbox 1511 2318 1524 2342; x_wconf 78' lang='grc'>3</span> 
     </span>
    </p>
   </div>
   <div class='ocr_carea' id='block_1_14' title="bbox 155 2365 1492 2481">
    <p class='ocr_par' dir='ltr' id='par_1_15' title="bbox 155 2365 1492 2481">
     <span class='ocr_line' id='line_1_39' title="bbox 155 2365 1492 2422; baseline -0.001 -16"><span class='ocrx_word' id='word_1_269' title='bbox 155 2369 289 2422; x_wconf 53' lang='lat' dir='ltr'>pertis</span> <span class='ocrx_word' id='word_1_270' title='bbox 334 2368 700 2409; x_wconf 85' lang='lat' dir='ltr'>incommodorum</span> <span class='ocrx_word' id='word_1_271' title='bbox 740 2370 867 2420; x_wconf 79' lang='lat' dir='ltr'>atque</span> <span class='ocrx_word' id='word_1_272' title='bbox 908 2367 1157 2407; x_wconf 87' lang='lat' dir='ltr'>iniuriarum</span> <span class='ocrx_word' id='word_1_273' title='bbox 1196 2365 1337 2406; x_wconf 84' lang='lat' dir='ltr'>fuisse.</span> <span class='ocrx_word' id='word_1_274' title='bbox 1400 2365 1492 2406; x_wconf 88' lang='lat' dir='ltr'>Hoc</span> 
     </span>
     <span class='ocr_line' id='line_1_40' title="bbox 156 2424 1492 2481; baseline -0.002 -14"><span class='ocrx_word' id='word_1_275' title='bbox 156 2442 306 2468; x_wconf 78' lang='lat' dir='ltr'>causae</span> <span class='ocrx_word' id='word_1_276' title='bbox 352 2430 435 2481; x_wconf 83' lang='lat' dir='ltr'>est,</span> <span class='ocrx_word' id='word_1_277' title='bbox 479 2427 656 2480; x_wconf 85' lang='lat' dir='ltr'>iudices,</span> <span class='ocrx_word' id='word_1_278' title='bbox 702 2427 813 2480; x_wconf 82' lang='lat' dir='ltr'>quod</span> <span class='ocrx_word' id='word_1_279' title='bbox 852 2426 895 2466; x_wconf 90' lang='grc'>111</span> <span class='ocrx_word' id='word_1_280' title='bbox 933 2439 1037 2480; x_wconf 76' lang='lat' dir='ltr'>agro</span> <span class='ocrx_word' id='word_1_281' title='bbox 1076 2424 1283 2466; x_wconf 86' lang='lat' dir='ltr'>Leontino</span> <span class='ocrx_word' id='word_1_282' title='bbox 1321 2426 1492 2479; x_wconf 84' lang='lat' dir='ltr'>praeter</span> 
     </span>
    </p>
   </div>
   <div class='ocr_carea' id='block_1_15' title="bbox 1515 854 1546 878">
    <p class='ocr_par' dir='ltr' id='par_1_16' title="bbox 1515 854 1546 878">
     <span class='ocr_line' id='line_1_41' title="bbox 1515 854 1546 878; baseline 0.032 -1"><span class='ocrx_word' id='word_1_283' title='bbox 1515 854 1546 878; x_wconf 82' lang='lat'>10</span> 
     </span>
    </p>
   </div>
   <div class='ocr_carea' id='block_1_16' title="bbox 0 0 1618 204">
    <p class='ocr_par' dir='ltr' id='par_1_17' title="bbox 0 0 1618 204">
     <span class='ocr_line' id='line_1_42' title="bbox 0 0 1618 204; baseline 0 2380"><span class='ocrx_word' id='word_1_284' title='bbox 0 0 1618 204; x_wconf 95' lang='lat' dir='ltr'> </span> 
     </span>
    </p>
   </div>
   <div class='ocr_carea' id='block_1_17' title="bbox 1515 1138 1618 1171">
    <p class='ocr_par' dir='ltr' id='par_1_18' title="bbox 1515 1138 1618 1171">
     <span class='ocr_line' id='line_1_43' title="bbox 1515 1138 1618 1171; baseline 0.01 -1"><span class='ocrx_word' id='word_1_285' title='bbox 1515 1146 1547 1171; x_wconf 82' lang='lat'>15</span> <span class='ocrx_word' id='word_1_286' title='bbox 1582 1138 1618 1171; x_wconf 67' lang='lat'>{2-</span> 
     </span>
    </p>
   </div>
  </div>
 </body>
</html>
