1618 2584
376 222 467 256 LIB.
494 221 545 257 IV
588 221 690 256 CAP.
718 223 855 257 30—33
882 226 901 264 ξ
927 227 1074 259 68-72.
1306 225 1391 266 393

60 317 203 359 tiocho
243 319 286 358 et
323 321 629 359 consecratum.
692 317 736 359 Si
772 318 896 359 iudex
933 332 1020 360 non
1058 332 1172 360 esses
1210 322 1253 360 et
1286 320 1389 362 haec

60 376 113 417 ad
149 379 191 417 tc
229 375 371 417 delata
407 391 475 418 res
514 379 722 430 esset‚.te
760 377 1034 432 potissimum
1070 377 1151 418 hoc
1181 379 1390 433 persequi,

59 437 102 476 te
127 437 284 489 petere,
315 438 358 476 te
388 449 515 490 agere
547 437 776 490 oporteret.
826 435 965 483 Quare
995 450 1082 477 non
1113 436 1273 491 dubito,
1306 452 1389 491 quo

20 525 26 532 .
61 492 203 534 animo
247 493 371 534 iudex
414 493 539 535 huius
583 493 773 535 criminis
817 508 909 535 esse
953 494 1125 548 debeas,
1169 495 1241 548 qui
1279 496 1390 549 apud

24 551 191 606 fialium
234 551 416 593 iudicem
456 552 593 594 multo
632 553 787 606 acrior,
831 567 959 606 quam
998 567 1077 608 ego
1116 568 1227 608 sum,
1271 557 1390 596 actor

60 612 365 665 accusatorque
397 625 488 652 esse
520 611 706 652 deberes.
1335 609 1341 616 ’

146 667 282 710 Vobis
309 671 463 723 autem,
494 669 664 723 iudices,
696 669 796 723 quid
821 670 902 711 hoc
933 670 1149 726 indignius
1182 674 1256 712 aut
1288 672 1388 726 quid
1403 653 1459 736 δέ

58 726 198 768 minus
216 727 439 768 ferendum
458 728 592 769 videri
617 728 790 783 potest?
834 727 1045 770 Verresne
1070 729 1248 772 habebit
1274 731 1388 772 domi

58 799 160 827 suae
185 785 487 828 candelabrum
510 786 627 828 Iovis
654 801 675 827 e
702 787 882 842 gemmis
909 802 1096 842 auroque
1124 789 1389 843 perfectum?

23 844 186 886 ocuius·
214 844 383 900 fulgore
421 845 642 886 conlucere
675 850 802 899 atque
833 846 1057 887 inlustrari
1088 846 1204 888 Iovis
1236 849 1390 903 optimi

58 903 234 944 maximi
276 903 486 958 templum
530 904 774 959 oportebat,
817 904 860 945 id
901 905 1014 959 apud
1050 905 1182 946 istum
1218 906 1263 947 in
1300 907 1389 964 eius

44 962 173 1003 -modi
210 962 416 1004 conviviis
455 963 757 1017 constituetur,
801 977 908 1017 quae
946 963 1190 1006 domesticis
1229 966 1390 1020 stupris

56 1019 317 1076 flagitiisque
363 1021 638 1075 flagrabunt?
687 1021 733 1063 in
777 1021 901 1063 istius
944 1022 1111 1064 lenonis
1151 1024 1420 1080 turpissimi'

58 1079 183 1121 domo
217 1079 344 1121 simul
376 1095 472 1122 cum
504 1080 655 1122 ceteris
688 1079 934 1122 Chelidonis
965 1081 1236 1124 hereditariis
1269 1098 1390 1125 orna-

22 1148 38 1173 5
58 1138 214 1179 mentis
241 1138 429 1192 Capitoli
455 1142 706 1181 ornamenta
732 1139 972 1192 ponentur?
1019 1139 1129 1188 Quid
1155 1141 1253 1183 huic
1279 1143 1410 1194 sacri'¹

58 1211 261 1251 umquam
303 1197 396 1239 fore
440 1201 514 1239 aut
554 1198 654 1252 quid
691 1198 885 1253 religiosi
921 1198 1054 1240 fuisse
1091 1200 1273 1254 putatis,
1317 1202 1390 1255 qui

55 1270 168 1297 nunc
209 1258 332 1297 tanto
376 1256 533 1298 'scelere
577 1271 622 1297 se
666 1257 922 1298 obstrictum
967 1271 1058 1299 esse
1095 1273 1180 1300 non
1220 1260 1389 1313 sentiat,

57 1314 130 1368 qui
157 1314 202 1355 in
231 1314 435 1356 iudicium
466 1316 624 1371 veniat,
654 1315 729 1356 ubi
758 1330 811 1356 ne
843 1316 1009 1370 precari
1041 1317 1211 1371 quidem
1243 1318 1389 1360 Iovem

57 1373 269 1428 optimum
294 1373 527 1415 maximum
554 1377 682 1428 atque
708 1374 761 1415 ab
788 1388 837 1415 eo
865 1375 1069 1416 auxilium
1095 1379 1239 1431 petere
1272 1391 1390 1419 more

21 1443 38 1468 0
57 1432 247 1473 omnium
272 1433 439 1487 possit?
472 1447 498 1474 a
524 1447 606 1487 quo
634 1433 763 1474 etiam
790 1433 832 1474 di
863 1433 1130 1476 immortales
1164 1449 1242 1477 sua
1271 1450 1390 1491 repe—

55 1493 154 1532 tunt
178 1491 224 1533 in
254 1505 303 1532 eo
334 1491 502 1545 iudicio,
536 1491 648 1545 quod
678 1491 924 1533 hominibus
958 1493 1011 1534 ad
1044 1507 1142 1534 suas
1173 1508 1242 1535 res
1274 1509 1390 1549 repe-

54 1550 205 1591 tendas
240 1552 306 1591 est
337 1550 632 1592 constitutum.
687 1550 902 1591 Miramur·
925 1550 1108 1593 Athenis
1140 1552 1413 1608 Minervam,.

54 1607 153 1649 Deli
167 1609 430 1663 Apollinem,
448 1608 656 1650 Iunonem
677 1608 805 1661 Sami,
824 1609 987 1665 Pergae
1007 1610 1205 1665 Dianam,
1229 1612 1389 1654 multos

55 1670 277 1722 praeterea
309 1668 362 1708 ab
394 1668 480 1709 isto
513 1668 612 1709 deos
644 1671 739 1709 tota
764 1668 872 1709 Asia
898 1668 1160 1724 Graeciaque
1191 1670 1390 1724 violatos,

20 1736 36 1762 5
56 1726 129 1780 qui
155 1741 179 1767 a
197 1725 421 1780 *Capitolio
454 1740 605 1768 manus
638 1727 853 1768 abstinere
883 1742 971 1769 non
1000 1728 1218 1782 potuerit?
1248 1728 1391 1777 ’Quod

54 1785 214 1838 privati
251 1785 446 1827 homines
484 1785 534 1827 de
572 1785 658 1826 suis
696 1786 886 1840 pecuniis
925 1790 1081 1828 ornant
1112 1789 1390 1843 ornaturique

55 1846 171 1896 sunt,
208 1843 252 1884 id
284 1842 328 1885 C.
353 1843 509 1886 Verres
542 1845 595 1885 ab
627 1845 803 1899 regibus
836 1846 979 1887 ornari
1010 1860 1097 1889 non
1127 1860 1280 1900 passus
1314 1851 1389 1889 est.

141 1898 294 1957 Itaque
314 1902 415 1946 ‘'hoc
451 1903 615 1945 nefario
655 1904 812 1945 scelere
851 1899 1065 1959 concept&
1093 1905 1201 1946 nihil
1239 1899 1457 1961 posteffiz

54 1963 150 2011 tota
177 1961 222 2003 in
248 1926 394 2003 Sicilia
424 1977 561 2016 neque
593 1962 704 2003 sacri
735 1977 871 2017 neque
903 1963 1098 2018 religiosi
1129 1963 1249 2005 duxit
1279 1979 1390 2018 esse3

21 2019 130 2061 nita,
155 2034 246 2062 sese
283 2020 329 2061 in
364 2035 414 2062 ea
443 2021 665 2076 provincia
695 2036 772 2076 per
802 2021 1034 2063 triennium
1067 2016 1218 2077 gessit,
1256 2026 1305 2064 ut
1336 2024 1388 2065 ab

55 2078 140 2121 isto
180 2093 271 2121 non
307 2079 447 2121 solum
483 2079 747 2148 hominibus,
784 2095 931 2122 verum
971 2081 1100 2122 etiam
1139 2081 1203 2122 dis
1233 2081 1389 2123 inmor-

55 2137 217 2180 talibus
243 2138 406 2179 bellum
432 2138 639 2180 indictum
671 2142 907 2194 putaretur.
964 2138 1144 2195 Segesta
1175 2143 1241 2181 est
1273 2143 1458 2195 omni-33

55 2195 154 2238 dum
191 2199 394 2252 pervetus
428 2197 473 2238 in
505 2195 668 2252 Sicilia,
705 2197 883 2252 iudices,
921 2197 1033 2253 quod
1065 2199 1118 2240 ab
1151 2198 1297 2240 Aenea
1328 2201 1390 2240 fu-

0 2238 2 2306 l
57 2254 203 2310 giente.
231 2270 257 2297 a
287 2255 417 2297 Troia
449 2259 577 2311 atque
608 2256 654 2297 in
683 2256 788 2298 haec
819 2257 914 2299 loca
945 2257 1141 2299 veniente
1173 2258 1390 2300 conditum

3 2322 37 2349 8⁵
57 2327 148 2356 esse
186 2314 495 2357 demonstrant.
556 2314 708 2370 Itaque
741 2315 966 2372 Segestani
1002 2331 1088 2358 non
1126 2316 1265 2358 solum
1300 2332 1395 2372 per-¹

54 2375 186 2427 petua
206 2373 410 2415 societate
432 2377 560 2428 atque
581 2374 783 2429 amicitia,
808 2389 955 2416 verum
977 2375 1107 2416 etiam
1133 2376 1389 2431 cognatione

29 2444 100 2491 ,83
137 2446 233 2490 cum
271 2433 433 2487 pOpulo
465 2432 660 2475 Romano
699 2433 947 2476 coniunctos
985 2448 1077 2475 esse
1113 2434 1389 2479 arbitrantur.
