1685 2574
167 229 210 261 82

166 959 223 999 30

167 1010 210 1041 03

165 1808 208 1839 84

238 126 293 167 58
462 124 555 159 PRO
583 124 684 159 sEX.
711 123 881 159 ROSCIO
908 124 1132 160 AMERINO
1158 124 1350 160 ORATIO.

326 220 507 274 Vereor,
543 235 596 262 ne
634 223 708 261 aut
744 220 952 261 molestus
991 221 1073 261 sim
1110 222 1252 275 vobis,
1287 221 1465 276 iudices,
1503 227 1606 266 autv

236 295 290 322 ne
333 280 520 335 ingeniis
564 279 721 320 vestris
758 278 904 319 videar
942 278 1150 333 diffidere,
1195 281 1231 321 si
1269 280 1319 321 de
1357 282 1448 321 tam
1485 296 1574 336 per-

238 339 396 392 spicuis
422 339 548 379 rebus
576 337 735 378 diutius
768 336 988 378 disseram,
1037 337 1166 387 Eruci
1198 338 1440 380 criminatio
1472 341 1575 395 tota,
1623 343 1628 350 '

237 397 529 450 iit-arbitror,
575 395 786 436 dissoluta
824 398 905 448 est3
943 395 1027 437 nisi
1063 396 1175 437 forte
1215 398 1490 451 exspectatis,
1528 403 1576 441 ut

236 457 316 498 illa
348 456 526 507 diluam,
563 469 670 508 quae
703 454 753 495 de
784 454 986 508 peculatu
1018 469 1066 496 ac
1098 455 1147 495 (10
1181 455 1270 496 eius
1303 456 1419 497 modi
1450 457 1574 500 rebus
1593 471 1607 496 5

237 513 547 557 commenticiis
574 512 768 554 inaudita
792 513 918 554 nobis
946 515 1044 554 ante
1071 513 1151 555 hoc
1183 516 1352 567 tempus
1386 529 1434 556 ac
1465 529 1576 558 nova

238 574 413 626 obiecit,
451 586 559 626 quae
597 571 704 612 mihi
741 571 823 612 iste
861 571 977 613 visus
1017 574 1082 613 est
1120 586 1170 613 ex
1208 573 1353 626 aliqua
1384 574 1576 616 oratione

238 632 495 684 declamare,
535 645 662 684 quam
700 631 744 671 in
782 630 913 671 alium
945 645 1064 671 reum
1097 634 1480 686 commentaretur3
1515 633 1576 675 ita

237 705 373 744 neque
401 690 454 731 ad
480 690 641 730 crimen
666 689 883 743 parricidii
909 704 1044 743 neque
1077 689 1130 731 ad
1163 705 1270 744 eum,
1303 690 1375 744 qui
1408 705 1576 733 causam

237 749 358 802 dicit,
399 748 692 803 pertinebant3
731 748 781 789 de
819 748 972 802 quibus
1012 748 1214 802 quoniam
1251 749 1382 791 verbo
1422 750 1575 805 arguit,
1593 764 1622 790 ιο

237 808 369 849 verbo
411 807 516 848 satis
556 810 621 848 est
658 820 826 862 negare.
883 806 927 848 Si
960 807 1061 861 quid
1094 810 1175 861 est,
1213 807 1326 861 quod
1361 808 1414 849 ad
1444 811 1576 851 testes

238 869 438 920 reservet,
470 867 531 907 ibi
564 880 732 920 quoque
763 880 854 920 nos,
885 868 933 906 ut
964 867 1010 907 in
1040 866 1135 920 ipsa
1167 880 1306 920 causa,
1337 868 1575 921 paratiores

236 925 441 979 reperiet,
474 939 603 978 quam
635 925 827 978 putabat.

324 983 461 1025 Venio
498 998 611 1025 nunc
649 998 716 1036 eo,
755 998 837 1037 quo
871 998 937 1024 me
969 998 1055 1024 non
1087 983 1297 1038 cupiditas
1331 984 1466 1042 ducit,
1506 985 1576 1027 sed

236 1043 354 1084 fides.
409 1042 523 1084 Nam
550 1042 586 1083 si
619 1042 723 1083 mihi
756 1043 1159 1095 liberet-accusare,
1193 1057 1436 1084 accusarem
1470 1044 1575 1085 alios
1595 1057 1622 1083 15
1670 1060 1683 1083 „1

236 1102 400 1155 potius,
439 1115 489 1142 ex
527 1101 680 1155 quibus
719 1115 890 1155 possem
926 1115 1132 1155 crescere,
1172 1101 1285 1155 quod
1317 1104 1481 1143 certum
1513 1106 1576 1144 est

236 1176 324 1202 11011
360 1159 518 1213 facere,
557 1160 656 1200 dum
694 1160 906 1200 utrumvis
942 1159 1100 1200 licebit.
1161 1159 1203 1200 Is
1237 1160 1350 1200 enim
1382 1161 1488 1201 1111111
1519 1162 1576 1203 vi-

238 1220 362 1260 detur
389 1219 693 1273 amplissimus,
727 1219 799 1272 qui
830 1233 906 1259 sua
938 1219 1097 1259 virtute
1129 1218 1172 1258 in
1205 1219 1404 1260 altiorem
1436 1220 1606 1272 locum⁴

237 1278 447 1331 pervenit,
486 1292 572 1318 11011
612 1277 683 1331 (1111
723 1277 913 1318 ascendit
944 1292 1020 1330 per
1052 1277 1229 1318 alterius
1260 1277 1573 1320 incommodum

239 1339 282 1378 et
306 1336 610 1378 calamitatem.
642 1335 899 1376 Desinamus
922 1336 1151 1389 aliquando
1173 1351 1222 1377 ea
1248 1337 1443 1391 scrutari,
1470 1352 1576 1391 quae
1592 1335 1620 1376 {zu
1674 1353 1684 1378 3.

238 1399 339 1436 sunt
370 1395 533 1448 inania3
573 1409 828 1448 quaeramus
860 1395 921 1435 ibi
953 1395 1227 1445 maleficium,
1258 1395 1332 1436 ubi
1364 1398 1407 1436 et
1440 1398 1505 1436 est
1536 1398 1577 1437 et

237 1454 421 1495 inveniri
452 1455 614 1507 potest3
648 1453 735 1494 iam
767 1453 1012 1508 intelleges,
1043 1453 1189 1507 Eruci,
1222 1456 1386 1494 certum
1418 1455 1577 1496 crimen

239 1528 369 1567 quam
396 1512 544 1553 multis
579 1511 893 1566 suspicionibus
926 1514 1205 1567 coarguatur,
1236 1513 1412 1553 tametsi
1442 1528 1576 1568 neque

238 1571 383 1612 omnia
410 1571 548 1612 dicam
575 1573 618 1611 et
643 1571 795 1612 leviter
820 1586 952 1611 unum
979 1571 1163 1625 quidque
1189 1574 1379 1626 tangam.
1428 1570 1575 1626 Neque

238 1631 351 1671 enim
389 1629 432 1670 id
469 1629 671 1683 facerem,
708 1629 792 1670 nisi
829 1644 1001 1671 necesse
1036 1632 1165 1683 esset,
1203 1632 1251 1675 et,
1278 1630 1320 1670 id
1352 1630 1434 1671 erit
1466 1631 1618 1686 signia
1662 1625 1685 1674 :i

238 1704 305 1729 me
331 1689 514 1730 invitum
541 1688 693 1742 facere,
726 1689 839 1742 quod
863 1703 949 1730 non
975 1703 1207 1742 persequar
1232 1689 1418 1744 longius,
1451 1705 1576 1744 quam

239 1748 355 1789 salus
387 1747 514 1788 huius
547 1749 590 1788 et
622 1761 717 1787 mea
747 1746 851 1788 fides
884 1747 1133 1801 postulabit.

327 1805 512 1848 Causam
550 1808 598 1846 tu
635 1806 801 1846 nullam
839 1805 1082 1860 reperiebas
1119 1807 1165 1847 in
1203 1804 1294 1847 Sex.
1320 1806 1495 1861 Roscio3
1533 1809 1575 1848 at

239 1879 318 1920 ego
351 1879 396 1906 111
427 1865 473 1905 Τ.
501 1864 656 1905 Roscio
688 1864 866 1917 reperio.
929 1864 1086 1906 Tecum
1118 1865 1230 1906 enim
1262 1865 1370 1906 mihi
1400 1880 1468 1907 res
1501 1869 1574 1920 est,

238 1924 283 1964 T.
298 1923 441 1977 Rosci,
469 1923 672 1977 quoniam
697 1923 796 1964 istic
823 1923 942 1964 sedes
968 1938 1018 1965 ac
1043 1926 1086 1964 te
1112 1924 1259 1978 palam
1286 1924 1574 1966 adversarium
1590 1936 1618 1961 30
1670 1943 1685 1970 :g

239 1997 330 2023 esse
357 1982 586 2036 profiteris.
636 1981 701 2023 De
728 1981 938 2036 Capitone
965 1985 1065 2035 post
1095 1982 1340 2035 viderimus,
1373 1983 1420 2036 si,
1454 1998 1576 2037 quem
1624 2029 1626 2039 .
1670 2002 1682 2027 zi

239 2041 292 2082 ad
325 2041 498 2082 modum
531 2043 730 2094 paratum
764 2055 856 2082 esse
889 2041 1033 2094 audio,
1071 2041 1196 2082 testis
1229 2042 1454 2096 prodierit,
1486 2045 1574 2083 tum

239 2101 346 2140 alias
376 2114 543 2154 quoque
571 2114 669 2141 suas
696 2100 863 2154 palmas
890 2102 1132 2154 cognoscet,
1165 2100 1214 2141 de
1242 2100 1395 2154 quibus
1428 2115 1494 2142 me
1525 2115 1575 2142 ne

239 2159 408 2199 audisse
441 2158 612 2212 quidem
645 2159 896 2211 suspicatur.
953 2158 998 2200 L.
1025 2158 1198 2200 Cassius
1230 2158 1317 2213 ille,
1350 2174 1476 2214 quem
1506 2173 1575 2214 po-

238 2217 365 2270 pulus
391 2216 611 2258 Romanus
638 2217 909 2258 verissimum
937 2219 980 2258 et
1006 2217 1371 2271 sapientissimum
1397 2218 1574 2260 iudicem
1591 2229 1621 2264 55,

240 2275 440 2327 putabat,
481 2276 714 2317 identidem
752 2276 796 2316 in
835 2275 973 2318 causis
1013 2290 1215 2330 quaerere
1255 2277 1441 2330 solebat,
1479 2275 1575 2318 ‘cui
1620 2267 1622 2308 }
1671 2281 1685 2323 Ξῖ,

243 2331 391 2374 'nono’
412 2334 576 2376 fuisset.
616 2333 684 2376 Sic
705 2335 795 2376 vita
815 2335 1037 2376 hominum
1064 2337 1141 2385 est,
1165 2337 1214 2378 ut
1242 2335 1294 2376 ad
1320 2335 1574 2378 maleficium

1618 2370 1621 2393 j
1672 2370 1684 2381 n

1618 2395 1620 2408 1
