1618 2584
101 276 153 317 51

104 328 169 358 113

170 200 258 240 412
573 199 623 232 IN
651 198 688 234 C.
708 198 912 233 VERREM
937 198 1042 234 ACT.
1068 201 1112 234 II.

261 295 455 336 Audistis
483 294 753 336 Theodorum
789 297 831 335 et
856 293 1117 335 Numenium
1150 297 1193 336 et
1225 294 1512 348 Nicasionem,

173 354 341 409 legatos
369 353 640 405 Hennenses,
672 353 842 407 publice
876 353 1013 394 dicere
1046 367 1138 394 sese
1171 369 1196 394 a
1228 354 1315 394 suis
1348 354 1512 395 civibus

170 413 276 454 11666
313 413 471 453 habere
510 411 732 465 mandata,
769 415 817 452 ut
853 411 905 452 ad
931 410 1109 452 Verrem
1143 412 1310 453 adirent
1342 416 1385 454 et
1417 428 1512 454 eum

172 472 449 512 simulacrum
477 469 642 512 Cereris
676 473 719 511 et
741 469 961 511 Victoriae
988 474 1278 525 reposcerent3
1310 471 1353 512 id
1385 471 1422 512 si
1452 472 1513 513 in-

171 531 433 585 petrassent,
471 531 563 569 tum
595 531 644 570 ut
676 543 838 570 morem
870 530 1059 570 veterem
1092 529 1385 571 Hennensium
1418 545 1512 572 con-

172 591 412 641 servarent,
447 587 618 641 publice
650 587 695 628 in
728 602 842 639 eum,
873 588 1049 629 tametsi
1080 591 1279 629 vexasset
1311 586 1513 644 Siciliam,
1572 582 1584 613 ³⁴

171 650 329 700 tamen,
355 646 557 701 quoniam
579 646 685 688 haec
705 661 730 688 a
750 646 984 687 maioribus
1010 646 1213 688 instituta
1239 648 1514 702 accepissent,
1573 652 1582 681 1³
1609 671 1617 674 >

171 705 468 746 testimonium
494 719 547 746 ne
574 705 687 759 quod
715 705 920 759 dicerent3
954 705 1021 746 sin
1047 708 1192 746 autem
1225 720 1275 747 ea
1305 721 1392 747 non
1423 707 1513 748 red-
1574 727 1575 736 ¹

171 764 368 818 didisset,
405 766 498 805 tum
536 766 584 805 ut
619 764 664 805 in
694 764 849 805 iudicio
883 764 1099 815 adessent,
1137 767 1228 806 tum
1261 767 1309 806 ut
1341 765 1391 806 de
1424 766 1513 807 eius

170 823 337 864 iniuriis
386 822 545 864 iudices
590 822 808 876 docerent,
858 822 932 864 sed
982 823 1166 864 maxime
1211 823 1261 865 de
1305 824 1513 879 religione

171 884 461 935 quererentur.
530 881 645 930 Quas
688 881 863 923 illorum
909 882 1199 935 querimonias
1240 883 1394 936 nolite,
1438 898 1514 938 per

171 940 272 982 deos
292 940 558 994 inmortales,
585 940 817 994 aspernari,
843 940 978 981 nolite
999 944 1271 982 contemnere
1299 956 1347 984 66
1372 943 1513 998 negle-

171 1013 289 1055 gere,
325 999 503 1041 iudices!
560 999 763 1054 Aguntur
793 999 973 1040 iniuriae
1006 1000 1239 1053 sociorum,
1272 1001 1417 1056 agitur
1449 1001 1513 1042 vis

170 1059 329 1113 legum,
356 1058 500 1114 agitur
526 1057 789 1099 existimatio
816 1058 1062 1112 veritasque
1087 1058 1352 1100 iudiciorum.
1397 1058 1513 1108 Quae

171 1120 272 1158 sunt
310 1117 455 1158 omnia
486 1131 742 1172 permagna,
780 1131 928 1158 verum
959 1117 1068 1159 illud
1100 1118 1352 1159 maximum:
1390 1121 1514 1160 tanta

170 1176 378 1231 religione
401 1175 613 1217 obstricta
639 1179 733 1217 tota
759 1176 981 1230 provincia
1008 1179 1085 1230 est,
1112 1179 1235 1218 tanta
1261 1178 1513 1231 superstitio

170 1250 219 1276 ex
258 1235 384 1275 istius
422 1234 536 1276 facto
577 1238 741 1275 mentes
781 1235 970 1275 omnium
1005 1233 1244 1276 Siculorum
1278 1237 1514 1290 occupavit,

169 1296 234 1347 ut,
274 1308 564 1347 quaecumque
603 1294 798 1335 accidant
832 1294 1002 1347 publice
1034 1294 1324 1349 privatimque
1357 1296 1513 1337 incom-

170 1352 314 1405 moda,
364 1355 541 1406 propter
591 1367 685 1392 eam
736 1367 910 1393 causam
960 1353 1132 1393 sceleris
1177 1353 1302 1394 istius
1347 1354 1514 1395 evenire

105 1418 167 1449 114
192 1411 429 1451 videantur.
480 1410 677 1451 Audistis
710 1409 1026 1464 Centuripinos,
1062 1410 1367 1466 Agyrinenses,
1399 1411 1513 1454 Cati-

169 1483 341 1522 nenses,
390 1469 648 1522 Aetnenses,
698 1469 981 1510 Herbitenses
1032 1470 1359 1524 compluresque
1405 1471 1512 1512 alios

169 1528 340 1582 publice
373 1527 523 1579 dicere,
556 1542 663 1580 quae
697 1528 884 1569 solitudo
919 1530 1032 1568 esset
1062 1527 1107 1568 in
1139 1528 1268 1583 agris,
1301 1543 1408 1582 quae
1441 1545 1513 1571 va-

170 1586 315 1639 stitas,
354 1601 462 1640 quae
493 1585 599 1640 fuga
632 1588 869 1639 aratorum,
908 1600 1037 1639 quam
1070 1586 1256 1641 deserta,
1293 1602 1421 1641 quam
1453 1588 1513 1629 in-

169 1645 303 1698 culta,
343 1659 472 1698 quam
508 1645 658 1686 relicta
691 1645 845 1686 omnia.
900 1644 966 1685 Ea
998 1645 1174 1686 tametsi
1206 1646 1354 1687 multis
1387 1646 1512 1688 istius

170 1706 213 1744 et
238 1702 370 1744 variis
396 1703 564 1744 iniuriis
591 1703 850 1757 acciderunt,
879 1706 1026 1744 tamen
1058 1703 1162 1745 haec
1194 1719 1279 1746 una
1310 1720 1438 1747 causa
1469 1706 1513 1746 in

170 1762 370 1816 opinione
397 1760 637 1804 Siculorum
671 1762 904 1816 plurimum
937 1762 1065 1815 valet,
1099 1763 1211 1816 quod
1244 1763 1394 1806 Cerere
1427 1765 1513 1806 vio-

169 1821 261 1862 lata
299 1821 439 1861 omnis
478 1821 618 1862 cultus
657 1821 906 1875 fructusque
940 1820 1105 1862 Cereris
1144 1822 1187 1862 in
1225 1822 1277 1863 iis
1316 1823 1421 1865 locis
1453 1823 1513 1864 in-

168 1879 323 1920 terisse
344 1879 622 1921 arbitrantur.
673 1879 903 1920 Medemini
928 1879 1127 1935 religioni
1153 1881 1379 1935 sociorum,
1405 1882 1512 1923 iudi-

169 1953 255 1991 ces,
300 1942 551 1980 conservate
592 1940 793 1979 vestram.
857 1937 1005 1993 Neque
1045 1939 1156 1980 enim
1195 1940 1300 1982 11666
1339 1943 1513 1983 externa

169 1997 293 2038 vobis
326 2000 392 2038 est
424 1997 578 2052 religio
610 2011 748 2051 neque
784 1997 936 2039 aliena.
992 1996 1153 2046 Quodsi
1187 2001 1316 2053 esset,
1355 1999 1392 2040 si
1423 2015 1511 2041 sus·

169 2056 309 2110 cipere
337 2070 431 2097 eam
457 2055 643 2109 nolletis,
670 2059 815 2097 tamen
842 2056 886 2097 in
915 2071 976 2109 eo,
1004 2057 1076 2110 qui
1102 2057 1321 2111 violasset,
1347 2059 1512 2100 sancire

100 2122 166 2153 115
193 2129 270 2155 vos
300 2115 411 2156 velle
438 2118 669 2169 oporteret.
726 2114 850 2157 Nunc
876 2129 975 2156 vero
1002 2116 1047 2156 in
1073 2117 1288 2157 communi
1322 2117 1511 2159 omnium

169 2174 364 2229 gentium
387 2174 595 2229 religione
622 2173 750 2228 inque
777 2174 829 2215 iis
857 2174 1002 2227 sacris,
1030 2189 1137 2228 quae
1163 2175 1347 2217 maiores
1373 2177 1511 2217 nostri

168 2233 221 2273 ab
240 2232 397 2273 exteris
421 2232 670 2274 nationibus
698 2233 862 2274 adscita
889 2235 1016 2286 atque
1044 2234 1251 2275 arcessita
1276 2235 1511 2289 coluerunt,

168 2305 276 2345 quae
321 2306 460 2345 sacra,
504 2294 553 2332 ut
594 2294 717 2332 erant
755 2306 799 2332 re
838 2306 956 2345 vera,
1001 2292 1061 2333 sic
1100 2292 1310 2347 appellari
1349 2292 1510 2335 Graeca

166 2350 413 2404 voluerunt,
450 2351 731 2405 neglegentes
771 2364 820 2391 ac
852 2350 1051 2391 dissoluti
1084 2350 1120 2391 si
1152 2351 1374 2405 cupiamus
1407 2367 1510 2406 esse,

166 2407 239 2462 qui
271 2410 531 2462 possumus?

1536 1111 1617 1157 151

1533 1422 1585 1451 20l

1533 1717 1611 1743 25w

1531 2012 1593 2038 3⁰¹

1530 2291 1596 2330 35ζ
