1618 2584
229 53 308 92 ΠΟ
546 53 595 87 IN
623 35 660 95 Q
690 52 950 88 CAECILIUM
974 52 1238 88 DIVINATIO.

153 162 194 193 35
222 152 397 203 peccata
423 149 714 191 demonstrare
741 149 918 203 possint.
972 149 1035 190 Ac
1060 149 1168 203 vide,
1195 152 1401 204 quantum
1426 151 1554 192 inter-

222 209 413 249 futurum
446 209 502 249 sit
533 209 644 249 inter
677 223 815 249 meam
848 211 890 248 et
920 211 1040 248 tuam
1076 209 1399 250 accusationem.
1460 209 1554 264 Ego

223 269 370 318 etiam,
412 282 518 321 quae
558 269 605 307 tu
639 267 729 307 sine
761 266 894 308 Verre
927 267 1196 320 commisisti,
1233 267 1359 308 Verri
1391 267 1556 310 crimini

222 325 398 366 daturus
432 340 537 378 sum,
570 325 682 379 quod
713 329 755 366 te
787 340 874 366 non
904 325 1184 380 prohibuerit,
1220 341 1314 367 cum
1347 340 1556 368 summam

220 384 312 438 ipse
335 384 513 425 haberet
538 386 815 438 potestatem,
840 387 888 425 tu
908 387 1068 438 contra,
1093 399 1146 425 ne
1167 399 1273 438 quae
1292 385 1367 425 ille
1388 385 1555 438 quidem
1573 404 1589 430 5

221 442 332 493 fecit,
352 443 521 495 obicies,
534 457 586 484 ne
602 458 684 497 qua
697 445 882 497 exparte
897 443 1145 485 coniunctus
1162 458 1255 484 cum
1271 458 1318 484 eo
1333 444 1555 498 reperiare.

311 500 448 549 Quid?
492 502 587 551 illa,
627 500 801 555 Caecili,
845 502 1206 543 contemnendane
1248 502 1329 543 tibi
1361 502 1555 543 videntur

223 575 331 614 esse,
377 560 467 601 sine
506 561 660 615 quibus
698 575 826 602 causa
864 561 1081 613 sustineri,
1125 561 1379 616 praesertim
1423 563 1556 614 tanta,

221 619 340 660 nullo
385 619 510 660 modo
553 620 729 674 potest?
774 620 918 674 aliqua
961 620 1145 661 facultas
1190 620 1361 674 agendi,
1414 620 1556 674 aliqua

223 677 386 719 dicendi
425 679 702 731 consuetudo,
745 679 888 733 aliqua
924 679 969 719 in
1005 679 1118 732 foro,
1162 679 1345 733 iudiciis,
1389 679 1555 734 legibus
1575 699 1605 723 ιο

151 751 193 782 36
222 739 296 777 aut
327 737 438 778 ratio
471 740 546 778 aut
577 737 853 779 exercitatio‘.>
913 737 1139 792 Intellego,
1172 752 1299 791 quam
1332 738 1556 792 scopuloso

222 796 469 850 difficilique
488 796 533 836 in
559 796 652 838 1000
678 811 833 838 verser.
881 796 995 837 Nam
1021 811 1114 837 cum
1146 796 1283 837 omnis
1310 796 1558 851 arrogantia

222 855 368 896 odiosa
408 857 489 909 est,
531 857 624 896 tum
656 855 733 896 illa
764 856 925 910 ingenii
959 858 1086 909 atque
1120 856 1387 909 eloquentiae
1420 855 1555 896 multo

221 913 537 954 molestissima.
601 913 736 962 Quam
775 915 829 955 ob
867 929 956 955 rem
994 914 1102 954 nihil
1142 914 1232 956 dico
1273 914 1321 955 de
1360 928 1453 955 meo
1497 914 1556 954 iu-

221 973 364 1027 genio,
394 987 530 1027 neque
563 976 640 1027 est,
673 973 784 1027 quod
816 973 976 1027 possim
1010 973 1158 1027 (licere,
1189 987 1336 1028 neque,
1369 973 1405 1014 si
1434 975 1554 1026 esset,
1573 991 1592 1015 1}

221 1033 413 1073 dicerem.
470 1032 559 1073 Aut
591 1032 702 1073 enim
727 1032 770 1073 id
797 1033 902 1072 mihi
931 1032 1036 1073 satis
1070 1036 1146 1085 est,
1179 1032 1292 1086 quod
1318 1035 1383 1073 est
1415 1031 1464 1072 cle
1491 1047 1555 1072 me

222 1091 446 1145 opinionis,
473 1091 673 1144 quicquid
694 1094 769 1144 est,
796 1094 881 1144 aut,
908 1092 942 1131 si
966 1091 1008 1131 id
1031 1106 1183 1145 parum
1211 1094 1287 1144 est,
1314 1105 1392 1146 ego
1420 1090 1555 1131 maius

152 1183 190 1190 .-
220 1151 262 1190 1(1
288 1150 661 1191 commemorando
687 1150 826 1192 facere
852 1165 937 1191 11011
969 1165 1156 1204 possum.
1206 1150 1269 1190 De
1301 1152 1355 1202 te,
1389 1148 1555 1203 Caecili,
1614 1158 1618 1166 ”

221 1210 323 1263 (iam
351 1209 591 1250 mehercule
617 1208 699 1250 hoc
720 1211 836 1250 extra
858 1209 967 1250 hanc
988 1209 1304 1250 contentionem
1326 1211 1555 1250 certamen-

221 1283 300 1322 que
331 1271 528 1309 nostrum
559 1268 833 1308 familiariter
865 1271 1005 1308 tecum
1038 1267 1208 1322 loquar)
1241 1270 1287 1308 tu
1313 1268 1404 1321 ipse
1432 1282 1578 1321 quemf

220 1327 271 1368 ad
309 1327 482 1368 modum
522 1327 757 1381 existimes,
795 1327 889 1367 vide
928 1327 1055 1367 etiam
1097 1329 1224 1380 atque
1263 1326 1391 1367 etiam
1432 1328 1474 1366 et
1510 1329 1553 1367 111

220 1389 261 1427 10
294 1387 449 1441 collige
483 1388 536 1439 et,
570 1386 641 1439 qui
674 1386 731 1426 sis
765 1388 807 1426 et
840 1385 939 1439 quid
971 1385 1109 1426 facere
1142 1385 1293 1439 possiS,
1326 1385 1553 1426 considera.

222 1445 406 1486 Putasne
444 1447 486 1485 te
524 1459 650 1500 posse
690 1445 738 1485 de
777 1444 973 1485 maximis
1012 1444 1381 1510 acerbissimisque
1419 1445 1554 1497 rebus,

219 1519 313 1545 011111
346 1518 518 1545 causam
551 1504 762 1544 8001011111]
793 1504 1072 1557 fortunasque
1103 1503 1359 1558 provinciae,
1390 1503 1456 1544 ius
1482 1518 1553 1569 po-

218 1563 310 1618 puli
340 1562 542 1617 Roma-ni,
582 1563 841 1617 gravitatem
872 1562 1016 1603 iudicii
1047 1563 1276 1617 legumque
1309 1562 1553 1616 susceperis,

219 1625 286 1663 tot
323 1637 390 1662 res
430 1624 519 1662 tam
553 1635 723 1676 graves,
762 1624 852 1662 tam
884 1621 1025 1662 Varias
1058 1636 1177 1675 voce,
1210 1621 1428 1674 memoria,
1460 1635 1553 1662 con-

150 1695 192 1726 30
220 1681 335 1734 81110,
374 1656 578 1735 1113011100
587 1655 825 1721 8118111101·οῬ
868 1683 1049 1734 putasne
1094 1683 1136 1721 te
1180 1694 1322 1734 posse,
1367 1694 1473 1734 quae
1510 1678 1552 1721 O.
1610 1724 1615 1727 ,

219 1740 375 1780 Verres
406 1740 451 1779 in
483 1741 723 1793 quaestura,
756 1754 862 1793 quae
893 1739 938 1779 111
970 1739 1196 1793 legatione,
1230 1754 1336 1793 quae
1368 1739 1412 1779 in
1437 1752 1552 1792 prae·
1609 1762 1611 1765 ·

219 1801 331 1851 tura,
378 1812 484 1851 quae
523 1798 702 1852 Romae,
744 1813 851 1852 quae
889 1798 933 1838 in
970 1797 1115 1851 Italia,
1155 1813 1260 1852 quae
1298 1798 1343 1839 in
1380 1797 1551 1850 Achaia,

220 1857 325 1898 Asia
368 1856 707 1911 Pamphyliaque
752 1857 957 1911 peccarit,
1008 1871 1072 1910 ea,
1118 1872 1242 1911 quem
1287 1857 1340 1898 ad
1384 1856 1568 1898 modum)
1609 1880 1617 1905 3·

219 1917 324 1958 locis
374 1916 724 1970 temporibusque
775 1916 912 1957 divisa
962 1916 1063 1969 sint,
1114 1916 1173 1957 sie
1224 1916 1469 1957 criminibus
1513 1916 1548 1955 et
1603 1939 1606 1962 ς

220 1975 413 2017 oratione
453 1975 744 2030 distinguere?
788 1978 969 2029 putasne
1009 1977 1051 2015 te
1090 1989 1231 2029 posse,
1272 1975 1313 2015 id
1359 1974 1470 2029 quod
1510 1973 1553 2013 ir'

219 2034 344 2075 huius
378 2034 492 2075 modi
524 2049 596 2075 reo
638 2034 821 2075 maxime
859 2034 1146 2075 necessarium
1186 2036 1265 2085 est,
1303 2033 1459 2086 facere,
1494 2034 1539 2073 ut
1606 2077 1618 2085 W

220 2108 327 2147 quae
348 2093 421 2134 ille
443 2093 683 2146 libidinose,
705 2108 810 2147 quae
830 2093 1003 2144 nefarie,
1024 2108 1129 2146 quae
1151 2092 1376 2133 crudeliter
1395 2090 1539 2133 fecerit
1598 2104 1618 2139 j

221 2168 269 2193 ea
308 2166 440 2206 aeque
479 2153 632 2194 acerba
671 2155 712 2193 et
749 2152 925 2207 indigna
962 2151 1185 2193 videantur
1224 2165 1314 2191 esse
1354 2151 1438 2203 his,
1482 2159 1617 2203 q11⁵5=33-

150 2224 192 2254 39
220 2211 403 2264 audient,
437 2213 564 2265 atque
597 2211 683 2252 illis
716 2211 808 2252 visa
841 2214 951 2263 sunt,
983 2210 1054 2265 qui
1087 2210 1336 2250 senserunt?
1397 2194 1541 2263 Magna}

220 2273 319 2310 sunt
352 2285 412 2321 ea,
445 2284 552 2323 quae
586 2270 690 2323 dico,
724 2270 829 2310 mihi
856 2270 992 2323 crede,
1025 2269 1113 2309 noli
1138 2268 1243 2310 haee
1270 2263 1539 2346 contemneres

1531 2350 1534 2376 1

1517 2389 1582 2584 1
