1618 2584
432 262 520 298 ΜΒ,
548 263 596 297 111
642 262 743 298 CAP.
771 267 826 307 25,
854 267 897 298 26
924 267 942 306 g
970 267 1118 298 ssx-ssss.
1357 264 1443 305 ‘295

100 358 290 413 potuerit
326 372 403 399 sua
435 358 615 399 consilia
647 358 696 399 de
723 358 868 400 Verre.
923 358 1012 399 Iste
1045 373 1173 413 porro
1206 373 1293 400 non
1326 358 1442 400 dubi-

100 417 236 469 tabat,
269 416 370 470 quin
399 416 448 469 is,
481 417 553 470 qui
586 417 717 458 alium
751 420 877 458 antea
911 417 1051 458 studio
1084 417 1292 458 adductus
1325 432 1442 458 accu-

101 478 251 527 sasset,
279 475 360 515 sibi
387 475 631 516 advenienti
656 479 830 530 praesto
858 479 971 517 esset
996 476 1179 529 futurus,
1207 490 1302 517 cum
1330 480 1443 517 esset

100 533 290 588 parentis
322 534 489 574 iniuriis
523 537 565 574 et
597 534 830 575 domestico
865 535 1010 576 dolore
1043 537 1294 576 commotus,

64 603 80 628 5
187 591 335 633 Iamne
366 592 640 647 intellegitis,
678 593 854 646 iudices,
894 608 1001 647 quae
1039 593 1191 647 pestis,
1225 607 1333 647 quae
1364 594 1443 633 im-
1458 577 1513 658 263

100 651 286 692 manitas
323 651 368 691 in
405 653 555 692 nostra
594 651 911 704 antiquissima,
949 652 1199 693 fidelissima
1232 651 1443 706 proxima-

101 724 181 763 que
201 709 422 763 provincia
442 712 614 750 versata
635 709 720 750 sit?
749 710 835 750 iam
856 710 1023 763 videtis,
1044 726 1173 764 quam
1194 711 1248 752 ob
1269 725 1443 751 causam

101 768 248 809 Sicilia
279 770 346 808 tot
377 768 600 809 hominum
631 768 749 809 furta
781 771 925 821 antea,
964 769 1157 823 rapinas,
1191 769 1442 823 iniquitates

98 826 445 881 ignominiasque
488 841 693 881 perpessa
729 827 811 868 hoo
846 841 933 868 non
970 828 1160 881 potuerit
1197 842 1356 869 novum
1396 842 1444 869 ac

49 895 80 921 10
101 885 319 939 singulare
364 887 492 939 atque
536 885 786 927 incredibile
832 899 965 941 genus
1003 886 1258 926 iniuriarum
1296 889 1443 927 contu-

100 944 408 998 meliarumque
450 943 667 998 perferre?
729 944 821 985 Iam
861 959 1006 985 omnes
1046 944 1325 999 intellegunt,
1371 960 1444 986 cur

99 1003 300 1043 universa
325 1002 545 1055 provincia
572 1002 835 1044 defensorem
869 1018 970 1044 suae
1003 1003 1156 1044 salutis
1190 1018 1286 1044 eum
1320 1018 1442 1057 quae-

101 1061 260 1110 siverit,
287 1061 405 1102 cuius
425 1061 507 1101 iste
530 1061 640 1115 fidei,
667 1061 930 1116 diligentiae,
955 1062 1298 1116 perseverantiae
1325 1062 1445 1103 nulla

100 1120 267 1182 ratique
301 1120 407 1174 eripi
438 1120 588 1173 possit.
645 1119 729 1161 Tot
759 1120 926 1162 iudiciis
959 1120 1234 1174 interfuistis,
1273 1124 1340 1161 tot
1372 1121 1444 1163 ho-

49 1189 80 1215 15
101 1178 236 1219 mines
280 1180 482 1219 nocentes
527 1181 569 1219 et
612 1179 832 1231 improbos
874 1182 1096 1221 accusatos
1139 1182 1182 1220 et
1219 1182 1364 1220 vestra
1403 1183 1445 1221 et

101 1237 371 1292 superiorum
409 1237 617 1278 memoria
650 1237 768 1278 scitis
802 1252 912 1291 esse3
951 1252 1126 1292 ecquem
1158 1237 1345 1292 vidistiS,
1384 1253 1444 1280 ec-

100 1310 226 1350 quem
272 1296 452 1337 audistis
495 1296 541 1336 in
584 1296 719 1337 tantis
762 1295 907 1349 furtis,
951 1296 996 1337 in
1033 1299 1124 1337 tam
1164 1297 1323 1350 apertis
1365 1297 1443 1349 [in]

100 1357 224 1395 tanta
251 1354 439 1408 audacia,
475 1354 552 1406 [in]
580 1357 703 1395 tanta
734 1354 1000 1408 impudentia
1034 1357 1144 1406 [esse
1176 1356 1444 1407 versatum]?

102 1414 320 1468 Apronius
354 1413 586 1467 stipatores
602 1413 811 1468 Venerios
845 1428 987 1455 secum
1020 1414 1229 1468 habebat3
1262 1414 1445 1455 ducebat
1472 1425 1515 1455 65

47 1482 82 1507 20
102 1486 174 1514 eos
214 1472 372 1513 circum
411 1472 626 1525 civitates3
668 1472 837 1525 publice
877 1472 959 1513 sibi
998 1473 1195 1514 convivia
1233 1473 1444 1527 apparari,

102 1531 235 1571 sterni
272 1530 476 1583 triclinia,
515 1533 558 1570 et
589 1530 633 1570 in
663 1530 759 1571 foro
793 1531 928 1571 sterni
959 1531 1154 1584 iubebat3
1192 1546 1240 1573 eo
1277 1532 1446 1572 evocari

101 1590 296 1630 homines
331 1588 661 1630 honestissimos
692 1603 779 1630 non
812 1590 952 1630 solum
985 1588 1168 1643 Siculos,
1208 1590 1282 1630 sed
1315 1590 1445 1631 etiam

102 1648 267 1702 equites
304 1647 543 1701 Romanos,
581 1650 647 1701 ut,
687 1647 857 1702 quicum
895 1648 1038 1689 vivere
1077 1663 1202 1689 nemo
1241 1663 1446 1702 umquam

102 1707 185 1747 nisi
228 1706 368 1760 turpis
406 1706 669 1760 inpurusque
706 1707 934 1760 voluisset,
982 1707 1034 1747 ad
1073 1707 1162 1748 eius
1202 1708 1446 1748 convivium

49 1777 81 1802 25
103 1765 411 1820 spectatissimi
435 1768 563 1818 atque
589 1765 885 1806 honestissimi
911 1765 993 1806 viri
1018 1768 1278 1806 tenerentur.
1328 1766 1447 1807 Haec

102 1828 161 1878 tu,
194 1824 386 1865 omnium
413 1823 664 1864 mortalium
689 1824 1044 1879 profligatissime
1071 1839 1120 1865 ac
1146 1825 1448 1878 perditissime,

102 1898 198 1924 oum
226 1882 374 1936 scires,
408 1897 503 1924 eum
536 1882 704 1923 audires
738 1882 911 1936 cotidie,
944 1898 1040 1924 cum
1072 1883 1255 1937 videres,
1289 1884 1324 1924 si
1357 1884 1447 1924 sine

101 1944 176 1983 tuo
216 1944 397 1996 quaestu
435 1941 622 1982 maximo
656 1941 826 1995 fierent,
865 1956 960 1983 cum
992 1944 1115 1983 tanto
1148 1944 1223 1983 tuo
1255 1942 1446 1997 periculo

101 2001 193 2041 fieri
240 2003 436 2054 paterere
482 2002 611 2054 atque
659 2000 939 2041 concederes?
1008 2000 1196 2041 Tantum
1245 2001 1358 2055 apud
1404 2003 1447 2042 te

50 2069 83 2094 30
105 2062 306 2114 quaest-us
337 2058 520 2113 Aproni,
557 2061 728 2100 tantum
764 2059 853 2100 eius
894 2074 1032 2100 sermo
1071 2059 1446 2113 inquinatissimus

102 2120 145 2159 et
182 2117 418 2159 blanditiae
456 2117 698 2172 flagitiosae
730 2118 975 2171 valuerunt,
1013 2120 1062 2158 ut
1092 2133 1328 2172 numquam
1361 2118 1447 2159 ani-

102 2192 219 2218 mum
244 2179 368 2217 tuum
394 2191 495 2217 cura
521 2179 693 2216 tuarum
724 2175 997 2218 fortunarum
1030 2177 1323 2231 cogitatiOque
1356 2179 1448 2217 tan-

103 2236 252 2290 geret?
308 2234 506 2288 Cernitis,
538 2234 709 2288 iudices,
743 2235 856 2288 quod
889 2237 931 2276 et
964 2238 1172 2287 quantum
1204 2235 1447 2277 incendium
1474 2250 1517 2280 66

104 2294 436 2335 decumanorum
462 2294 629 2347 impetu
653 2308 739 2334 non
766 2294 906 2334 solum
933 2308 1009 2348 per
1037 2308 1177 2348 agros,
1212 2294 1284 2335 sed
1317 2294 1447 2335 etiam

50 2361 84 2387 85
102 2367 177 2407 per
196 2353 384 2407 reliquas
409 2354 604 2394 fortunas
633 2354 864 2406 aratorum,
890 2366 1027 2406 neque
1055 2353 1195 2393 solum
1221 2368 1296 2407 per
1323 2353 1448 2406 bona,

103 2411 177 2451 sed
208 2411 339 2452 etiam
364 2426 440 2466 per
465 2411 560 2452 iura
585 2410 800 2451 libertatis
835 2413 877 2451 et
909 2411 1098 2452 civitatis
1131 2411 1216 2452 isto
1248 2414 1448 2466 praetore

102 2471 351 2524 pervaserit.
411 2469 580 2511 Videtis
618 2469 802 2524 pendere
841 2469 949 2511 alios
989 2484 1038 2511 ex
1075 2470 1245 2524 arbore,
1283 2471 1445 2525 pulsari
