1618 2584
438 23 540 60 CAP.
567 29 658 61 4-ss
685 29 704 67 g
732 29 878 60 12-17.
1257 25 1351 73 127,

0 135 52 163 ne
84 120 220 161 multa
252 120 432 161 crimina
456 121 799 174 praetermittere
820 135 945 175 quam
967 134 1020 161 ne
1041 135 1124 174 qua
1145 119 1188 161 in
1208 120 1339 161 istum

0 181 156 234 fingere
201 178 431 220 existimer.
505 179 654 233 Neque
700 180 812 220 enim
862 179 968 220 mihi
1018 179 1186 219 videtur
1235 179 1339 220 haec

0 236 240 290 multitudo,
267 251 373 290 quae
401 237 453 277 ad
481 238 735 279 audiendum
763 238 973 291 convenit,
1005 251 1262 292 cognoscere
1289 252 1339 278 ex

0 310 64 337 me
101 309 273 336 causam
312 296 517 350 voluisse,
562 296 635 337 sed
674 311 740 350 ea,
785 311 892 350 quae
931 296 1028 350 scit,
1073 310 1238 337 mecum
1279 310 1340 336 re-

0 368 262 410 cognoscere.

86 411 202 460 Quae
240 426 336 453 cum
374 412 437 453 ita
470 413 574 466 sint,
610 413 692 454 iste
724 413 854 455 homo
888 428 1033 455 amens
1067 428 1114 455 ac
1146 413 1338 468 perditus
1366 412 1392 452 6

0 471 82 513 alia
114 485 280 511 mecum
311 471 479 512 ratione
511 474 695 526 pugnat,
734 486 820 513 non
851 472 893 512 id
927 472 1036 527 agit,
1074 475 1123 513 ut
1161 472 1339 513 alicuius

0 529 285 595 eloquentiam
307 529 413 569 mihi
441 532 649 584 opponat3
675 545 761 571 non
788 531 942 585 gratia,
971 546 1056 572 non
1084 531 1340 572 auctoritate

0 589 258 641 cuiusquam,
288 602 375 628 non
400 588 596 642 potentia
620 589 785 629 nititur.
838 564 1023 629 Simulat
1048 589 1114 630 his
1143 604 1186 630 se
1213 590 1339 630 rebus

0 646 224 699 confideie,
275 646 349 687 sed
397 646 539 700 video,
589 647 690 700 quid
740 649 860 701 agat3
908 662 1045 700 neque
1090 648 1202 688 enim
1248 648 1339 703 agit

0 681 302 758 occultissiine3
334 706 538 759 proponit
569 705 714 746 inania
746 705 852 746 mihi
880 706 1135 759 nobilitatis,
1167 707 1248 748 hoc
1275 709 1340 746 est

0 763 217 805 hominum
268 764 584 818 arrogantium,
631 764 825 817 nomina,
875 764 947 817 qui
995 779 1083 805 11011
1132 767 1222 805 tam
1272 779 1339 805 1110

0 822 251 876 impediunt,
291 823 403 876 quod
435 823 602 863 nobiles
642 826 758 877 sunt,
797 837 926 876 quam
965 823 1187 876 adiuvant,
1226 823 1339 877 quod

0 881 87 922 noti
114 883 225 922 sunt.
276 879 461 922 Simulat
487 895 531 922 se
564 896 710 922 eorum
742 881 955 935 praesidio
989 882 1211 936 confidere,
1244 897 1340 923 cum

0 939 159 981 interea
204 939 320 981 aliud
364 940 566 993 quiddam
609 940 696 980 iam
741 940 811 981 diu
852 940 1132 981 machinetur.
1202 940 1335 989 Quam

0 1013 115 1053 spem
132 1013 243 1039 nunc
263 998 452 1039 habeat
442 1014 486 1039 111
506 999 704 1039 manibus
726 1002 767 1039 et
789 999 890 1052 quid
911 999 1125 1053 moliatui,
1151 999 1341 1040 breviter

0 1057 98 1111 iam,
136 1057 313 1111 iudices,
352 1057 473 1098 vobis
507 1072 734 1111 exponam·
767 1058 840 1098 sed
872 1057 1009 1111 plius,
1047 1060 1096 1098 ut
1127 1058 1181 1099 ab
1215 1058 1335 1098 initi

0 1130 61 1157 res
95 1116 147 1156 ab
181 1130 230 1157 eo
263 1116 500 1157 constituta
533 1116 607 1169 sit,
640 1131 810 1170 quaeso,
842 1116 1099 1170 cognoscite.

82 1174 144 1216 Ut
169 1174 356 1229 primum
383 1189 404 1215 e
430 1175 652 1229 provincia
677 1150 815 1226 rediit',
848 1175 1084 1229 redemptio
1115 1177 1180 1216 est
1211 1175 1339 1216 huius

0 1233 139 1275 iudicii
181 1233 297 1274 facta
343 1233 494 1288 grandi
537 1233 728 1288 pecunia.
798 1233 959 1274 Mansit
1004 1234 1048 1274 in
1092 1233 1339 1275 condicione

0 1294 123 1346 atque
154 1294 281 1347 pacto
313 1307 447 1346 usque
480 1291 533 1333 ad
565 1307 661 1333 eum
692 1292 833 1345 finem,
869 1292 968 1332 dum
1000 1292 1159 1334 iudices
1191 1292 1339 1334 reiecti

0 1354 106 1392 sunt.
172 1350 462 1405 Posteaquam
499 1351 672 1392 reiectio
714 1351 900 1392 iudicum
944 1351 1059 1392 facta
1098 1354 1181 1403 est,
1226 1351 1339 1405 quod

0 1412 38 1450 et
74 1410 119 1450 in
157 1410 382 1451 sortitione
420 1409 546 1450 istius
586 1424 705 1464 spem
748 1410 924 1451 fortuna
966 1409 1116 1463 populi
1154 1410 1340 1450 Romani

0 1471 39 1509 et
91 1469 137 1509 in
191 1468 415 1509 reiciendis
466 1468 674 1509 iudicibus
725 1482 820 1509 11100
876 1468 1100 1523 diligentia
1155 1468 1339 1509 istorum

0 1526 305 1581 impudentiam
354 1527 533 1580 vicerat,
583 1527 830 1567 renuntiata
881 1529 946 1567 est
995 1529 1090 1568 tota
1134 1527 1337 1568 condicio.

0 1584 219 1627 Praeclare
252 1600 296 1626 se
327 1600 394 1626 res
427 1585 634 1639 habebat3
673 1585 810 1626 libelli
842 1585 1063 1626 nominum
1095 1588 1338 1627 vestrorum

0 1645 246 1698 consiliique
266 1644 392 1685 11111115
412 1644 457 1685 111
477 1644 673 1685 manibus
701 1646 824 1684 erant
850 1644 1058 1697 omnium,
1084 1644 1206 1685 nulla
1224 1647 1340 1696 nota,

0 1703 138 1744 nullus
178 1703 313 1757 color,
350 1703 495 1744 nullae
534 1703 679 1744 sordes
718 1703 975 1744 videbantur
1012 1702 1079 1743 his
1113 1703 1339 1744 sententiis

0 1762 117 1803 allini
154 1776 298 1816 posse,
336 1777 431 1803 cum
469 1762 551 1802 iste
589 1764 764 1816 repente
804 1776 853 1803 ex
892 1761 1023 1803 alacri
1062 1764 1191 1816 atque
1224 1762 1339 1803 laeto

0 1820 57 1862 sic
88 1824 180 1862 erat
211 1821 386 1861 humilis
421 1823 549 1874 atque
582 1820 804 1874 demissus,
835 1823 884 1861 ut
912 1835 998 1861 non
1024 1820 1150 1861 modo
1178 1821 1338 1874 populo

0 1878 206 1933 Romano,
245 1880 318 1921 sed
356 1879 485 1921 etiam
525 1879 607 1920 sibi
647 1879 739 1933 ipse
772 1879 1079 1921 condemnatus
1113 1879 1339 1920 videretur.

0 1935 104 1979 Ecce
142 1941 286 1980 autem
323 1941 497 1993 repente
537 1937 605 1978 his
639 1938 785 1979 diebus
824 1938 970 1992 paucis
1010 1937 1196 1978 comitiis
1242 1952 1337 1979 con-

0 1996 208 2038 sularibus
252 1997 378 2039 factis
425 1997 573 2038 eadem
616 1996 694 2037 illa
736 1998 882 2038 vetera
931 1996 1111 2037 consilia
1159 1996 1340 2050 pecunia

0 2055 156 2097 maiore
187 2058 452 2111 repetuntur,
485 2055 740 2109 eaedemque
773 2057 943 2097 vestrae
969 2055 1109 2095 famae
1135 2054 1338 2096 fortunis-

2 2127 78 2167 que
98 2115 287 2156 omnium
307 2115 487 2156 insidiae
506 2129 584 2168 per
604 2114 774 2155 eosdem
799 2113 995 2155 homines
1021 2116 1338 2167 comparantur.

0 2170 112 2220 Quae
152 2188 219 2214 res
263 2174 421 2228 primo,
461 2173 639 2227 iudices,
682 2172 878 2228 pertenui
920 2172 1045 2214 nobis
1084 2174 1338 2227 argumento

0 2228 233 2286 indicioque
250 2232 469 2287 patefacta
490 2234 571 2287 est,
591 2234 692 2287 post
713 2234 861 2287 aperto
883 2231 1137 2286 suspicionis
1157 2231 1338 2272 introitu

1368 955 1409 985 16

1370 1601 1408 1630 17
