1618 2584
126 222 206 261 178
524 224 570 256 IN
600 224 634 257 C.
657 223 859 256 VERREM
886 223 987 258 ACT.
1017 224 1058 259 11.

123 321 399 372 quaesturam
441 318 561 358 illam
599 318 807 359 nefariam
846 318 914 358 vix
953 318 1142 360 triduum
1181 320 1460 373 constitisset,

123 377 275 417 absens
326 393 411 417 11011
456 377 498 416 111
549 377 763 417 oblivione
816 377 1032 429 iacuisset,
1085 378 1155 418 sed
1200 379 1243 419 111
1289 379 1459 419 assidua

123 436 526 477 commemoratione
556 435 751 475 omnibus
780 436 968 475 omnium
1000 436 1262 490 flagitiorum
1294 437 1458 489 fuisset,

123 495 157 534 is
203 497 393 547 repente,
438 496 486 533 ut
526 493 708 534 Romam
752 494 887 546 venit,
933 495 1068 547 gratis
1109 499 1282 549 praetor
1320 496 1458 536 factus

123 555 199 593 est.
263 553 362 592 Alia
400 567 527 604 porro
560 552 756 606 pecunia,
794 567 846 592 ne
879 556 1166 606 accusaretur,
1206 555 1317 595 data.
1381 554 1459 595 Cui

124 612 179 651 sit
207 611 318 663 data,
350 610 455 650 nihil
486 610 537 650 ad
565 626 642 663 me,
674 611 781 650 nihil
811 611 862 651 ad
890 626 978 651 rem
1009 613 1221 665 pertinere
1255 613 1459 665 arbitror,

124 670 269 710 datam
308 669 477 722 quidem
516 683 607 709 esse
644 672 736 709 tum
774 670 884 709 inter
917 685 1062 710 omnes
1095 671 1252 711 recenti
1284 671 1459 724 negotio

57 728 271 769 1021116116
318 728 555 768 constabat.
621 727 758 768 Homo
798 728 1050 768 stultissime
1084 732 1126 769 et
1159 730 1459 782 amentissime,

122 787 294 826 tabulas
316 801 410 827 cum
432 788 658 827 conficeres
681 789 722 827 et
749 801 842 827 cum
871 787 1231 828 extraordinariae
1258 788 1460 842 pecuniae

122 845 281 885 crimen
321 845 616 898 subterfugere
655 845 804 898 velles,
844 846 947 885 satis
986 849 1028 886 te
1068 847 1311 899 elapsurum
1345 846 1513 887 011111110
1562 866 1563 872 ¹
1602 868 1611 870 >-

123 904 362 957 suspicione
396 904 681 956 arbitrabare,
717 904 769 957 si,
803 904 956 957 quibus
989 905 1211 957 pecuniam
1244 906 1460 957 credebas,
1562 901 1564 909 *

121 962 173 1002 iis
202 977 431 1016 expensum
464 977 550 1002 non
582 964 713 1002 ferres
745 977 881 1016 neque
914 962 957 1002 in
990 965 1085 1003 tuas
1120 964 1290 1004 tabulas
1324 964 1460 1004 ullum

121 1035 278 1061 nomen
327 1020 525 1073 referres,
576 1036 669 1061 cum
714 1023 781 1061 tot
825 1021 904 1061 tibi
948 1021 1194 1062 nominibus
1240 1025 1460 1076 acceptum

123 1078 261 1120 Curtii
288 1079 524 1120 referrent?
571 1079 679 1127 Quid
706 1080 906 1133 proderat
933 1079 1013 1119 tibi
1040 1082 1082 1120 te
1110 1095 1339 1134 expensum
1372 1081 1460 1121 illis
1564 1117 1566 1130 ἶ

122 1153 207 1178 11011
234 1138 415 1178 tulissc‘.>
450 1153 503 1178 an
529 1138 614 1178 tuis
643 1138 745 1178 solis
772 1138 932 1178 tabulis
965 1140 1007 1178 te
1041 1153 1214 1179 causam
1248 1139 1459 1180 dicturum
1484 1151 1513 1175 15
1564 1134 1566 1163 ἶ
1604 1145 1607 1165 ³

124 1196 410 1237 existimasti?

211 1254 370 1295 Verum
411 1255 463 1294 ad
499 1255 620 1295 illam
658 1255 743 1295 iam
782 1255 1001 1295 veniamus
1041 1257 1307 1309 praeclaram
1343 1271 1461 1310 prae-

146 1316 287 1354 turam
316 1313 576 1366 criminaque
604 1328 664 1363 ea,
701 1328 807 1366 quae
840 1314 1011 1354 notiora
1043 1317 1142 1354 sunt
1175 1315 1253 1367 his,
1287 1315 1358 1368 qui
1392 1316 1460 1355 ad-

123 1375 233 1425 sunt,
262 1387 388 1425 quam
414 1372 551 1424 nobis,
585 1372 655 1425 qui
684 1372 878 1412 meditati
907 1372 958 1412 ad
986 1373 1207 1413 dicendum
1236 1374 1460 1426 paratique

122 1431 332 1483 venimus,
361 1430 404 1470 in
425 1431 578 1484 quibus
599 1445 683 1471 non
711 1431 859 1471 dubito
887 1431 988 1484 quin
1016 1432 1291 1472 offensionem
1319 1432 1459 1486 negle-
1482 1445 1516 1468 20
1568 1481 1569 1484 Ἰ
1608 1457 1612 1461 —

124 1489 294 1543 gentiae
320 1489 457 1529 vitare
485 1492 611 1542 atque
639 1489 823 1543 effugere
852 1504 934 1529 11011
966 1490 1139 1541 possim.
1189 1490 1317 1530 Multi
1350 1491 1461 1531 enim
1568 1495 1569 1506 ¹

122 1549 184 1588 ita
223 1547 378 1588 dicent:
419 1547 503 1587 ‘De
542 1548 617 1587 illo
655 1548 763 1587 1111111
803 1548 925 1600 dixit,
965 1548 1007 1588 in
1047 1563 1129 1601 quo
1163 1563 1242 1603 ego
1275 1548 1462 1600 interfui,

122 1607 244 1646 illam
270 1606 470 1646 iniuriam
496 1620 583 1646 non
610 1606 770 1660 attigit,
803 1621 910 1659 quae
942 1606 1044 1646 mihi
1078 1609 1152 1647 aut
1185 1622 1291 1660 quae
1325 1608 1460 1648 amico

124 1679 218 1705 meo
263 1666 377 1705 facta
423 1667 505 1715 est,
550 1665 703 1717 quibus
750 1679 828 1719 ego
868 1665 911 1705 in
950 1666 1074 1705 rebus
1116 1665 1318 1706 interfui.'
1382 1666 1459 1706 His

124 1723 339 1777 omnibus,
382 1723 453 1776 qui
491 1723 616 1763 istius
655 1723 832 1763 iniurias
870 1726 1044 1776 norunt,
1083 1724 1163 1764 hoc
1202 1727 1266 1764 est
1302 1725 1460 1778 populo
1483 1736 1515 1761 251

124 1783 317 1823 Romano
343 1782 554 1831 universo,
585 1796 650 1821 me
678 1782 950 1821 vehementer
977 1785 1223 1823 excusatum
1252 1783 1349 1823 volo
1376 1798 1462 1823 non

123 1840 399 1894 neglegentia
426 1855 519 1880 mea
551 1840 652 1892 fore,
684 1842 732 1879 ut
764 1841 900 1880 multa
932 1843 1211 1894 praeteream,
1245 1841 1315 1881 sed
1350 1842 1462 1894 quod

126 1900 210 1939 alia
254 1899 437 1939 testibus
482 1899 652 1952 integra
696 1899 904 1938 reservari
944 1899 1087 1951 velim,
1136 1899 1272 1939 multa
1318 1903 1461 1940 autem

128 1960 301 2011 propter
345 1957 556 1997 rationem
596 1956 819 1997 brevitatis
859 1972 905 1997 ac
950 1958 1154 2010 temporis
1193 1959 1462 2011 praetermit-

127 2017 253 2056 tenda
297 2015 546 2056 existimem.
615 2014 801 2055 Fatebor
845 2015 973 2055 etiam
1018 2016 1122 2055 illud
1167 2016 1345 2069 invitus,
1396 2032 1461 2058 me
1482 2029 1515 2054 30

129 2089 318 2129 prorsus,
358 2089 452 2115 cum
490 2074 572 2114 iste
610 2077 812 2128 punctum
846 2074 1051 2127 temporis
1084 2075 1249 2114 nullum
1284 2091 1462 2116 vacuum

127 2135 299 2187 peccato
345 2132 578 2186 praeterire
618 2147 768 2186 passus
809 2132 882 2183 sit,
932 2132 1091 2185 omnia,
1141 2148 1247 2186 quae
1287 2135 1339 2174 ab
1380 2135 1461 2175 isto

127 2192 355 2232 commissa
388 2191 491 2244 sint,
529 2206 614 2231 11011
646 2191 836 2245 potuisse
869 2205 1134 2245 cognoscere.
1193 2194 1463 2246 Quapropter

127 2251 188 2291 ita
220 2265 286 2290 me
320 2250 369 2290 (16
402 2252 626 2303 praeturae
661 2249 908 2289 criminibus
942 2250 1150 2301 auditote,
1189 2253 1235 2289 ut
1269 2266 1317 2290 ex
1351 2254 1463 2292 utro-

129 2324 208 2362 que
240 2323 405 2362 genere,
438 2311 479 2349 et
506 2308 609 2348 iuris
638 2308 801 2348 dicendi
828 2311 869 2348 et
896 2311 1109 2348 sartorum
1136 2311 1347 2349 tectorum
1381 2310 1461 2350 exi·
1483 2322 1515 2347 35

131 2368 383 2422 gelidorum,
416 2382 465 2407 ea
496 2367 742 2421 postuletiS,
780 2382 887 2420 quae
920 2367 1101 2407 maxime
1135 2367 1264 2420 digna
1296 2368 1381 2408 sint
1415 2383 1462 2409 eo

64 2435 127 2463 104
155 2441 239 2478 reo,
260 2426 326 2466 cui
347 2441 524 2480 parvum
546 2440 593 2465 36
616 2425 823 2465 mediocre
846 2425 955 2466 obici
976 2425 1082 2465 nihil
1105 2429 1311 2480 oporteat
1353 2427 1460 2467 Nam

1479 566 1494 589 (ΙΙ

51 1239 108 1278 41)

56 1292 119 1319 103
