1618 2584
374 227 463 262 LIB.
490 229 540 263 lV
585 228 683 263 CAP.
711 233 850 264 53—55
877 234 896 272 ἓ
926 233 1119 265 118—123.
1331 232 1418 272 415

77 337 329 365 conservare
360 323 581 365 voluisset.
636 324 688 365 In
718 324 798 366 hac
830 325 1065 379 partitione
1098 328 1275 367 ornatus
1306 341 1393 369 non
1421 336 1485 371 121

76 381 174 436 plus
200 381 382 423 victoria
407 381 602 424 Marcelli
626 383 787 437 populo
815 383 1010 425 Romano
1038 383 1259 439 adpetivit,
1289 399 1417 439 quam

76 439 322 481 humanitas
343 438 622 494 Syracusanis
643 442 891 483 reservavit.
938 442 1120 484 Romam
1142 457 1249 497 quae
1273 458 1417 497 aspor—

75 500 170 540 tata
196 501 309 553 sunt,
341 499 394 540 ad
426 499 572 541 aedem
598 499 788 541 Honoris
821 503 864 541 et
878 500 1066 542 Virtutis
1098 501 1288 556 itemque
1319 502 1416 543 aliis

40 556 121 597 sin
157 557 263 598 locis
301 557 505 599 videmus.
570 557 691 599 Nihil
729 559 774 600 in
813 559 1006 614 aedibus,
1048 560 1158 601 nihil
1195 560 1241 601 in
1278 560 1416 602 hortis

74 615 237 670 posuit,
280 616 390 656 nihil
434 616 478 657 in
519 616 784 671 suburban03
828 618 1015 672 putavit,
1061 619 1097 660 si
1135 618 1253 660 urbis
1292 633 1416 661 orna-

75 676 221 715 menta
265 674 438 716 domum
482 689 603 716 suam
641 689 728 717 non
765 676 1037 730 contulisset,
1082 677 1255 719 domum
1294 692 1416 719 suam

75 735 329 774 ornamento
367 733 464 774 urbi
501 732 704 775 futuram.
768 732 990 788 Syracusis
1024 738 1165 777 autem
1200 737 1418 790 permulta

75 793 204 844 atque
249 791 422 847 egregia
466 792 659 845 reliquit3
704 793 829 834 deum
872 807 973 835 vero
1017 795 1185 835 nullum
1223 795 1416 849 violavit,

21 850 242 891 nonullam
286 850 445 905 attigit.
515 849 717 892 Conferte
748 850 947 905 Verrem,
989 866 1076 894 non
1111 856 1160 894 ut
1196 853 1415 895 hominem

75 923 170 949 cum
195 908 368 950 homine
395 909 665 964 comparetiS,
696 924 749 951 ne
783 924 866 964 qua
898 910 977 952 tali
1008 911 1100 952 viro
1133 915 1305 954 mortuo
1337 913 1416 954 fiat

72 966 240 1019 iniuria,
273 967 346 1008 sed
371 969 420 1008 ut
445 981 594 1022 pacem
620 982 716 1010 cum
748 968 876 1021 bello,
908 969 1026 1024 leges
1059 985 1155 1011 cum
1187 971 1241 1024 vi,
1272 970 1415 1013 forum

74 1028 116 1066 et
154 1026 259 1066 iuris
297 1025 527 1067 dictionem
565 1041 661 1068 cum
699 1027 813 1068 ferro
847 1030 889 1068 et
922 1028 1071 1082 armis,
1109 1029 1340 1071 adventum
1373 1033 1416 1071 et

74 1084 327 1126 comitatum
359 1099 454 1126 cum
487 1085 674 1127 exercitu
707 1088 749 1126 et
780 1086 960 1128 victoria
991 1087 1236 1129 conferatis.
1432 1127 1448 1138 ,

22 1154 53 1180 15
161 1143 293 1184 Aedis
325 1142 543 1185 Minervae
575 1147 642 1185 est
672 1144 717 1185 in
747 1143 913 1199 Insula,
952 1145 1002 1186 de
1035 1160 1118 1200 qua
1151 1150 1250 1188 ante
1286 1147 1390 1202 dixi3
1418 1126 1484 1207 1023

73 1216 201 1256 quam
220 1201 450 1243 Marcellus
476 1216 563 1243 non
589 1203 750 1258 attigit,
778 1218 905 1257 quam
932 1204 1105 1258 plenam
1133 1208 1262 1260 atque
1289 1221 1413 1248 orna-

72 1264 163 1302 tam
197 1261 388 1315 reliquit3
427 1275 535 1315 quae
567 1261 621 1302 ab
654 1261 738 1302 isto
772 1262 832 1304 sic
864 1262 1053 1317 spoliata
1085 1266 1214 1318 atque
1247 1264 1414 1319 direpta

73 1321 148 1372 est,
179 1333 266 1360 non
297 1322 345 1360 ut
377 1319 430 1360 ab
463 1320 588 1361 hoste
621 1320 778 1374 aliquo,
812 1320 884 1375 qui
915 1323 1062 1363 tamen
1093 1322 1138 1363 in
1169 1323 1285 1365 bello
1318 1324 1414 1365 reli-

72 1378 243 1433 gionem
277 1380 319 1420 et
351 1378 669 1420 consuetudinis
702 1379 797 1420 iura
828 1379 1044 1434 retineret,
1078 1381 1151 1422 sed
1183 1384 1231 1422 ut
1263 1397 1288 1423 a
1319 1382 1413 1424 bar-

19 1448 52 1473 20
72 1436 188 1477 baris
225 1436 512 1491 praedonibus
550 1440 705 1479 vexata
743 1451 835 1479 esse
871 1438 1077 1481 videatur.
1138 1440 1289 1495 Pugna
1321 1444 1414 1483 erat

73 1495 282 1549 equestris
310 1495 545 1550 Agathocli
581 1496 697 1551 regis
735 1496 779 1537 in
816 1497 978 1538 tabulis
1010 1498 1145 1552 picta3
1182 1499 1235 1540 iis
1269 1502 1412 1541 autem

71 1554 232 1595 tabulis
265 1554 491 1596 interiores
523 1555 676 1608 templi
706 1555 892 1609 parietes
925 1557 1235 1599 vestiebantur.
1289 1558 1412 1600 Nihil

72 1615 165 1654 erat
191 1627 240 1654 ea
270 1613 440 1668 pictura
470 1613 676 1667 nobilius,
707 1613 818 1654 nihil
852 1613 1094 1669 Syracusis,
1127 1616 1240 1670 quod
1272 1617 1411 1673 magis

70 1671 293 1713 visendum
325 1675 559 1725 putaretur.
615 1672 707 1714 Has
739 1673 912 1714 tabulas
945 1673 1000 1714 M.
1027 1673 1277 1730 Marcellus,
1316 1691 1412 1717 cum

19 1742 52 1768 85
73 1730 217 1772 omnia
253 1730 436 1772 victoria
473 1731 551 1772 illa
589 1744 665 1772 sua
696 1731 880 1785 profana
909 1731 1099 1787 fecisset,
1136 1736 1283 1775 tamen
1314 1735 1413 1776 reli-

72 1789 198 1844 gione
224 1789 440 1843 inpeditus
465 1804 552 1831 non
579 1790 747 1845 attigit3
779 1790 872 1844 iste,
899 1805 995 1832 cum
1020 1791 1098 1832 illa
1123 1792 1210 1833 iam
1236 1796 1413 1847 propter

72 1847 317 1889 diuturnam
369 1862 518 1903 pacem
566 1848 905 1903 fidelitatemque
955 1850 1105 1904 populi
1155 1849 1412 1905 Syracusani

72 1921 194 1948 sacra
224 1906 513 1962 religiosaque
545 1907 797 1962 accepisset,
837 1908 974 1949 omnis
1011 1923 1082 1950 eas
1114 1910 1285 1951 tabulas
1319 1912 1413 1952 abs-

70 1965 184 2019 tulit,
215 1965 415 2019 parietes,
448 1979 629 2020 quorum
657 1969 834 2008 ornatus
860 1969 928 2008 tot
955 1968 1125 2009 saecula
1151 1972 1412 2025 manserant,

36 2026 137 2066 otot
180 2024 298 2065 bella
342 2024 599 2079 effugerant,
642 2024 779 2066 nudos
824 2040 872 2067 ac
918 2025 1180 2068 deformatos
1224 2028 1411 2083 reliquit.

69 2083 128 2124 Et
153 2082 395 2137 Marcellus,
428 2083 512 2137 qui,
544 2083 581 2124 si
613 2081 845 2137 Syracusas
879 2084 1074 2139 cepisset,
1107 2085 1189 2127 duo
1222 2087 1386 2141 templa
1415 2091 1479 2122 1⁵23

70 2155 114 2183 se
139 2141 303 2183 Romae
331 2141 624 2183 dedicaturum
650 2145 839 2196 voverat,
871 2142 907 2184 is
939 2142 993 2197 id,
1028 2144 1141 2198 quod
1173 2148 1266 2186 erat
1299 2146 1408 2187 aedi-

68 2200 285 2255 ficaturus,
309 2200 362 2241 iis
383 2201 510 2242 rebus
532 2215 696 2253 ornare,
724 2215 828 2255 quas
853 2204 1037 2256 ceperat,
1062 2203 1220 2256 noluit3
1241 2203 1409 2260 Verres,

71 2259 143 2313 qui
173 2273 260 2300 non
290 2258 457 2301 Honori
488 2273 624 2313 neque
650 2258 834 2313 Virtuti,
874 2275 1000 2314 quem
1032 2261 1086 2302 ad
1117 2262 1292 2304 modum
1323 2263 1410 2318 ille,

21 2327 51 2354 35
71 2317 144 2359 sed
163 2316 321 2359 Veneri
348 2320 390 2359 et
416 2317 615 2372 Cupidini
640 2320 742 2360 vota
769 2318 953 2373 deberet,
984 2319 1021 2361 is
1054 2320 1273 2363 Minervae
1305 2324 1409 2363 tem-

72 2376 190 2430 plum
227 2377 412 2430 spoliare
450 2379 628 2419 conatus
664 2379 742 2418 est.
801 2377 881 2419 Ille
915 2378 1015 2420 deos
1048 2378 1224 2421 deorum
1256 2381 1407 2435 spoliis

71 2434 214 2476 ornari
261 2435 420 2490 noluit,
469 2435 538 2478 hic
583 2439 835 2478 ornamenta
877 2436 1096 2479 Minervae
1138 2438 1320 2494 virginis
1364 2440 1409 2481 in
