1618 2584
370 19 458 54 LIB.
488 21 501 54 1
553 20 651 55 CAP.
678 24 710 64 8,
737 25 758 56 9
784 24 803 63 g
829 25 978 56 21-26.
1254 22 1336 64 149

0 116 142 157 subito
164 115 215 156 ad
241 115 443 157 iudicium
470 117 731 170 retraxisset,
758 131 844 158 non
869 116 979 158 nulli
1004 117 1211 172 suspicati
1238 121 1338 159 sunt

0 188 84 216 non
110 173 201 215 sine
226 188 356 216 causa
383 174 502 215 illius
534 176 760 216 consilium
794 178 886 217 tam
918 178 1093 230 repente
1126 190 1217 217 esse
1249 191 1337 217 mu-

0 235 147 274 tatum.

84 289 210 332 Nunc
234 305 287 332 ne
315 305 426 332 novo
460 292 750 346 querimoniae
784 307 938 348 genere
968 293 1034 335 uti
1064 293 1203 347 possit
1227 292 1336 334 Hor-

0 349 160 391 tensius
187 352 229 390 et
256 364 305 390 ea
331 349 486 391 dicere:
520 351 704 405 opprimi
731 366 862 406 reum,
895 352 945 393 de
972 367 1054 406 quo
1081 352 1190 392 nihil
1223 352 1338 393 dicat

0 410 237 462 accusator3
275 408 385 449 nihil
424 423 515 450 esse
553 412 644 451 tam
679 410 967 463 periculosum
997 410 1184 452 fortunis
1215 410 1338 452 inno-

0 467 194 519 centium,
227 481 354 521 quam
386 469 528 509 tacere
561 468 845 522 adversarios;
879 472 921 510 et
952 484 1005 511 ne
1038 470 1175 524 aliter,
1208 484 1337 524 quam

0 539 76 581 ego
105 526 253 575 velim,
286 540 427 566 meum
460 526 606 567 laudet
637 526 876 581 ingenium,
909 542 1004 569 cum
1037 529 1151 570 dicat
1182 543 1267 582 me,
1300 528 1338 569 si

0 584 134 625 multa
154 584 368 638 dixissem,
395 584 720 626 sublevaturum
746 585 878 627 fuisse
900 601 1008 640 eum,
1036 601 1159 641 quem
1186 589 1338 628 contra

0 642 195 696 dicerem3
247 643 346 697 quia
389 657 476 684 non
520 643 718 698 dixerim,
767 645 1019 699 perdidisse:
1063 660 1226 687 morem
1270 646 1337 686 illi

0 715 161 757 geram,
198 704 297 742 utar
329 702 522 744 oratione
554 705 779 757 perpetua,
812 718 899 745 non
932 718 1016 758 quo
1047 704 1134 745 iam
1165 705 1247 746 hoo
1279 705 1337 745 sit

0 774 177 814 necesse,
209 775 358 802 verum
382 764 431 802 ut
458 761 663 815 experiar,
695 764 841 803 utrum
866 762 940 803 ille
967 762 1080 804 ferat
1111 763 1336 804 molestius

0 833 62 860 me
86 821 188 860 tunc
215 820 400 861 tacuisse
427 835 480 861 an
504 835 616 862 nunc
643 821 791 863 dicere.
842 821 924 862 Hic
955 823 1003 862 tu
1033 821 1219 863 fortasse
1253 822 1334 863 eris

0 877 190 933 diligenS,
221 893 274 920 ne
302 893 429 932 quam
459 893 539 935 ego
571 879 723 921 horam
756 880 806 921 de
838 880 945 921 meis
977 880 1186 935 legitimis
1217 881 1336 922 horis

0 937 232 990 remittam3
277 938 361 978 nisi
404 938 521 979 omni
557 941 768 993 tempore,
814 939 927 993 quod
964 939 1072 980 mihi
1108 940 1204 995 lege
1243 954 1337 981 con-

0 1010 161 1037 cessum
187 998 264 1049 est,
291 996 448 1038 abusus
476 1011 559 1051 ero,
587 1012 775 1051 querere,
808 998 931 1039 deum
959 1000 1088 1052 atque
1113 998 1337 1040 hominum

0 1054 121 1095 fidem
152 1054 409 1109 implorabis
441 1056 737 1097 circumveniri
770 1056 813 1099 C.
840 1056 1038 1109 Verrem,
1074 1058 1188 1111 quod
1220 1072 1337 1098 accu-

0 1116 112 1154 sator
148 1114 259 1154 nolit
298 1118 388 1155 tam
424 1114 512 1169 diu,
552 1130 681 1169 quam
715 1115 785 1156 diu
817 1115 963 1169 liceat,
1003 1116 1152 1157 dicere.
1215 1115 1338 1164 Quod

0 1172 100 1212 mihi
131 1172 199 1213 lex
231 1187 327 1214 mea
359 1187 487 1214 causa
519 1173 653 1226 dedit,
692 1189 741 1215 eo
773 1174 880 1215 mihi
911 1189 998 1216 non
1030 1175 1094 1216 uti
1124 1189 1211 1216 non
1242 1174 1337 1216 lice-

0 1230 86 1272 bit?
130 1245 231 1273 nam
273 1232 500 1273 accusandi
537 1232 644 1274 mihi
680 1235 851 1299 tempus
889 1248 985 1275 mea
1023 1248 1151 1275 causa
1190 1233 1337 1275 datum

0 1292 76 1343 est,
114 1292 163 1330 ut
199 1305 371 1356 possem
411 1291 605 1333 oratione
643 1306 739 1333 mea
770 1292 950 1334 crimina
982 1307 1238 1347 causamque
1271 1307 1337 1333 ex-

0 1348 162 1403 plicare.
214 1349 308 1391 Hoc
335 1350 371 1391 si
396 1364 483 1391 non
508 1353 618 1404 utor,
649 1365 737 1392 non
761 1350 843 1392 tibi
874 1351 1075 1392 iniuriam
1106 1351 1230 1404 facio,
1263 1351 1337 1392 sed

0 1407 43 1448 [le
81 1422 175 1449 meo
214 1408 306 1449 iure
345 1409 508 1463 aliquid
546 1412 589 1450 et
627 1410 850 1451 commodo
885 1410 1076 1451 detraho.
1134 1409 1336 1452 ‘Causam

0 1465 135 1520 enim',
164 1466 316 1521 inquit,
351 1467 567 1523 ecognosci
593 1468 792 1523 oportet.'
842 1468 908 1509 Ea
933 1483 979 1510 re
1007 1468 1189 1523 quidem,
1223 1469 1337 1523 quod

0 1524 121 1566 aliter
146 1526 421 1567 condemnari
452 1541 567 1580 reus,
601 1527 797 1581 quamvis
830 1527 887 1568 sit
917 1542 1092 1582 nocens,
1122 1542 1210 1569 non
1240 1530 1337 1582 pot-

0 1586 71 1625 est.
114 1583 164 1625 Id
188 1584 325 1640 igitur
350 1588 398 1626 tu
427 1586 609 1627 moleste
641 1586 795 1639 tulisti,
829 1601 853 1627 a
879 1601 946 1627 me
979 1586 1141 1640 aliquid
1172 1586 1336 1628 factum

0 1656 103 1696 esse,
140 1658 223 1697 quo
256 1644 397 1685 minus
429 1644 512 1686 iste
546 1645 822 1686 condemnari
853 1646 1030 1699 pos-set?
1074 1660 1174 1686 nam
1207 1660 1337 1687 causa

0 1702 169 1756 cognita
194 1706 377 1757 possunt
408 1704 536 1744 multi
568 1704 747 1757 absolvi,
779 1704 1000 1759 incognita
1033 1704 1203 1758 quidem
1236 1719 1336 1746 con-

0 1759 188 1802 demnari-
211 1776 336 1803 nemo
364 1765 519 1816 potest.
570 1762 726 1804 Adimo
753 1763 865 1804 enim
898 1763 1333 1818 comperendinatum.

0 1818 114 1867 Quod
154 1820 288 1861 habet
326 1821 394 1862 lex
432 1821 477 1861 in
515 1836 560 1863 se
599 1822 970 1876 molestissimum,
1014 1822 1081 1863 bis
1120 1825 1168 1863 ut
1206 1837 1335 1864 causa

0 1877 176 1932 dicatur3
216 1879 329 1933 quod
368 1882 443 1921 aut
481 1895 576 1921 mea
615 1895 742 1922 eausa
778 1881 923 1935 potius
951 1884 1016 1922 est
1049 1881 1333 1922 constitutum

0 1949 120 1989 quam
157 1940 233 1979 tua
265 1941 340 1979 aut
370 1939 507 1980 nihilo
539 1942 615 1980 tua
646 1940 791 1994 potius
826 1955 955 1993 quam
987 1954 1093 1981 mea.
1150 1939 1264 1981 Nam
1297 1941 1334 1981 si

0 1994 58 2036 bis
97 1996 235 2038 dicere
275 2000 341 2038 est
379 1998 667 2052 commodum,
706 2001 819 2039 certe
854 1999 1076 2052 utriusque
1109 2013 1333 2040 commune

0 2055 73 2108 23st
114 2055 150 2096 si
189 2070 303 2110 eum,
343 2057 416 2110 qui
453 2057 668 2111 posterius
708 2057 832 2110 dixit,
872 2072 977 2112 opus
1017 2060 1083 2099 est
1119 2058 1333 2113 redargui,

0 2087 252 2155 aec⁷usat0ris
292 2129 435 2167 causa,
480 2118 528 2156 ut
568 2116 633 2156 bis
673 2118 891 2172 ageretur,
935 2116 1218 2158 constitutum
1256 2119 1333 2158 est.

0 2168 169 2226 Verum,
209 2175 259 2214 ut
297 2174 466 2228 opinor,
506 2174 686 2216 Glaucia
722 2175 886 2230 primus
924 2175 1043 2227 tulit,
1080 2177 1129 2216 ut
1167 2190 1332 2230 compe-

0 2230 290 2273 rendinaretur
330 2247 448 2276 reus:
493 2236 620 2275 antea
659 2235 728 2276 vel
765 2234 945 2276 iudicali
980 2234 1120 2289 primo
1159 2237 1292 2290 poter
1287 2237 1332 2276 it

1363 325 1407 356 24

1362 830 1407 862 25

1361 1773 1404 1804 26
