1618 2584
377 231 465 266 LIB.
492 232 542 266 IV
581 231 681 266 CAP.
710 236 847 267 28—30
873 236 891 274 ξ
917 236 1065 267 64-68,
1313 234 1394 274 391

68 327 360 383 inpudentiam
401 328 656 383 cognoscite.
719 327 838 376 Quod
878 328 1021 381 sciret,
1066 327 1178 382 quod
1217 342 1266 369 ex
1303 328 1397 381 ipso

68 401 168 441 rege
200 386 388 428 audisset
418 386 463 428 in
495 384 709 441 Capitolio
742 401 834 427 csse
866 386 1124 440 ponendum,
1162 386 1275 440 quod
1305 385 1398 428 Iovi

69 445 230 500 optimo
258 445 456 498 maximo,
488 445 600 499 quod
625 446 783 500 populo
811 445 1004 486 Romano
1032 445 1193 486 servari
1223 445 1398 498 videret,

67 503 110 545 id
147 504 230 545 sibi
266 507 314 545 ut
353 504 547 558 donaret,
583 517 736 558 rogare
775 506 817 545 et
851 503 1223 546 vehementissime
1255 506 1399 558 petere

0 574 32 615 ἶ5
68 563 218 617 eoepit.
275 561 397 604 Cum·
419 563 492 603 1116
531 576 574 603 se
613 565 655 603 et
692 562 901 617 religione
936 562 1050 604 Iovis
1083 562 1317 616 Capitolini
1356 565 1398 603 et

0 617 1 623 ¹
68 621 288 662 hominum
315 621 629 662 existimatione
660 621 858 675 impediri
890 621 1059 675 diceret,
1092 622 1204 676 quod
1236 621 1397 662 multae

66 679 261 721 nationes
299 682 432 721 testes
471 682 613 721 essent
649 679 765 721 illius
805 680 945 735 operis
983 695 1031 721 ac
1069 681 1273 734 muneris,
1316 680 1397 721 iste

66 738 229 779 homini
256 738 410 779 minari
436 738 640 780 acerrime
669 738 821 792 coepit.
870 738 956 780 Ubi
987 739 1102 780 videt
1134 754 1230 780 eum
1261 739 1397 780 nihilo

65 797 204 851 magis
248 797 374 838 minis
413 812 541 851 quam
578 797 775 851 precibus
813 798 1070 852 permoveri,
1113 800 1288 852 repente
1326 798 1399 839 ho—

15 868 46 893 10
62 856 223 900 minem
262 855 311 897 de
350 856 568 909 provincia
601 856 720 896 iubet
752 859 850 897 ante
882 858 1052 897 noctem
1084 856 1300 910 de‘cedere3
1338 856 1398 897 ait

65 928 111 955 se
145 915 402 969 comperisse
434 929 483 956 ex
516 915 604 955 eius
637 929 769 970 regno
801 915 964 968 piratas
998 915 1051 956 ad
1082 914 1273 956 Siciliam
1305 929 1397 956 esse

64 975 280 1014 venturos.
346 973 437 1014 Rex
480 973 664 1014 maximo
710 976 920 1015 conventu
959 971 1179 1027 Syracusis
1222 974 1267 1015 in
1303 973 1397 1014 foro
1425 983 1465 1015 67

26 1032 28 1034 ’
65 1030 135 1086 (116
175 1032 268 1086 quis
306 1031 418 1073 forte
456 1047 523 1073 me
560 1032 605 1073 in
643 1032 818 1074 crimine
856 1033 1037 1074 obscuro
1075 1033 1238 1074 versari
1271 1035 1398 1087 atque

65 1090 281 1146 adfingere
320 1090 481 1145 aliquid
519 1091 757 1145 suspicione
792 1091 1014 1133 hominum
1047 1090 1317 1147 arbitretur),
1355 1092 1398 1133 in

13 1161 45 1186 15
64 1148 171 1203 foro,
197 1150 384 1204 inquam,
413 1148 637 1203 Syracusis
664 1150 768 1191 flens
797 1164 844 1191 ac
872 1150 971 1191 deos
997 1150 1277 1205 hominesque
1303 1165 1398 1192 con-

64 1211 229 1249 testans
257 1208 442 1250 clamare
469 1209 609 1262 coepit
635 1209 939 1249 candelabrum
964 1208 1127 1250 factum
1153 1224 1174 1250 e
1205 1209 1399 1265 gemmis,

64 1267 175 1320 quod
212 1267 255 1307 in
289 1265 551 1321 Capitolium
589 1267 796 1308 missurus
835 1270 965 1321 esset,
1004 1267 1116 1321 quod
1152 1267 1198 1309 in
1234 1269 1397 1323 templo

63 1325 303 1367 clarissimo
341 1326 500 1380 populo
536 1326 730 1367 Romano
767 1330 1090 1367 monumentum
1128 1340 1228 1368 suae
1268 1328 1399 1369 socie-

63 1385 168 1425 tatis
202 1385 499 1439 amicitiaeque
531 1398 622 1425 esse
654 1385 880 1439 voluisset,
910 1385 954 1426 id
987 1385 1039 1426 ab
1073 1400 1117 1426 se
1150 1384 1193 1427 C.
1218 1385 1397 1427 Verrem

10 1455 44 1481 20
64 1443 312 1497 abstulisse3
358 1443 407 1484 de
451 1443 601 1485 ceteris
646 1444 845 1498 operibus
890 1458 940 1485 ex
981 1459 1083 1486 auro
1123 1447 1166 1485 et
1204 1445 1398 1500 gemmis,

65 1516 172 1556 quae
210 1517 286 1543 sua
322 1516 451 1556 penes
490 1502 614 1542 illum
653 1498 810 1555 essent,
854 1516 897 1543 se
935 1517 1024 1544 non
1057 1503 1273 1558 laborare,
1317 1504 1397 1546 hoc

27 1601 31 1605 ,
63 1560 146 1602 sibi
184 1561 290 1614 eripi
328 1561 529 1601 miserum
569 1575 659 1601 esse
698 1563 740 1602 et
777 1560 1012 1616 indignum.
1072 1561 1122 1603 Id
1158 1563 1238 1603 etsi
1270 1565 1398 1604 antea

62 1620 149 1661 iam
190 1622 335 1660 mente
379 1622 422 1660 et
465 1619 726 1675 cogitatione
768 1634 844 1661 sua
881 1620 1113 1675 fratrisque
1152 1621 1217 1662 sui
1255 1636 1397 1663 conse-

53 1681 229 1720 cratum
267 1681 396 1732 esset,
434 1680 580 1720 tamen
614 1681 706 1719 tum
739 1692 783 1720 se
814 1679 858 1719 in
889 1679 965 1720 illo
999 1683 1208 1721 conventu
1240 1680 1396 1722 civium

28 1737 355 1779 5Romanorum
405 1736 522 1790 dare,
575 1737 748 1790 donare,
802 1737 960 1791 dicare,
1010 1753 1255 1780 consecrare
1304 1739 1397 1781 Iovi

63 1796 226 1850 optimo
264 1795 450 1837 maximo
488 1798 726 1850 testemque
764 1796 905 1849 ipsum
937 1796 1084 1838 Iovem
1115 1812 1217 1839 suae
1248 1799 1396 1840 volun-

62 1855 166 1896 tatis
200 1869 249 1897 ac
280 1854 503 1910 religionis
537 1854 748 1896 adhibere.

152 1913 268 1962 Quae
308 1928 407 1967 νοΧ,
452 1928 558 1967 quae
602 1914 756 1967 latera,
800 1928 908 1968 quae
950 1914 1062 1955 vires
1103 1914 1230 1956 huius
1270 1915 1395 1958 unius
1409 1915 1464 1957 30

62 1973 252 2014 criminis
298 1972 608 2027 querimoniam
650 1975 831 2027 possunt
875 1972 1114 2014 sustinere?
1176 1973 1267 2015 Rex
1311 1975 1396 2016 An-

28 2031 248 2085 otiochus,
300 2031 371 2085 qui
414 2030 577 2072 Romae
627 2034 725 2072 ante
775 2032 920 2073 oculos
965 2032 1154 2073 omnium
1198 2035 1395 2075 nostrum

62 2090 279 2132 biennium
305 2090 393 2131 fere
425 2090 634 2131 comitatu
665 2090 782 2145 regio
816 2092 944 2144 atque
977 2093 1131 2132 ornatu
1162 2090 1326 2145 fuisset,
1357 2092 1393 2133 is

62 2164 158 2191 cum
204 2149 365 2191 amicus
413 2151 455 2189 et
502 2149 640 2190 socius
687 2149 836 2203 populi
881 2149 1066 2190 Romani
1113 2153 1242 2204 esset,
1293 2151 1395 2192 ami-

61 2208 233 2250 cissimo
270 2210 411 2263 patre,
454 2222 553 2261 avo,
594 2207 845 2261 maioribus,
883 2208 1194 2262 antiquissimis
1233 2211 1276 2250 et
1313 2210 1395 2251 cla-

61 2267 242 2308 rissimis
262 2267 449 2322 regibus,
476 2266 802 2321 opulentissimo
825 2268 866 2308 et
893 2267 1078 2308 maximo
1105 2282 1250 2323 regno,
1276 2283 1394 2322 prae-

63 2340 160 2381 ceps
195 2325 416 2381 provincia
447 2325 596 2379 populi
627 2324 810 2366 Romani
843 2326 1093 2368 exturbatus
1127 2329 1203 2369 est.
1259 2325 1393 2376 Quem
1420 2335 1464 2367 68

63 2384 115 2426 ad
146 2385 318 2426 modum
349 2384 431 2426 hoc
462 2386 708 2438 accepturas
740 2384 936 2426 nationes
968 2387 1152 2439 exteras,
1184 2400 1308 2440 quem
1341 2386 1395 2428 ad

62 2443 234 2485 modum
260 2443 386 2484 huius
412 2443 476 2491 tui
501 2442 603 2484 facti
630 2442 789 2484 famam
816 2442 860 2484 in
885 2458 1019 2499 regna
1051 2444 1232 2486 aliorum
1266 2447 1394 2500 atque
