1618 2584
439 241 527 276 LIB.
549 240 581 275 V
625 241 728 276 CAP.
756 244 846 276 6-8
873 244 892 282 ξ
920 246 1067 277 14—20.
1339 244 1426 286 435

86 352 224 380 cerem
275 337 410 379 conici
460 337 589 379 iubet.
658 336 855 379 Clamare
904 336 995 391 ille,
1045 351 1141 379 cum
1191 342 1426 394 raperetur,

85 397 194 439 nihil
226 410 272 438 se
304 396 507 437 miserum
538 395 708 449 fecisse,
745 396 854 436 nihil
886 395 1169 450 commisisse,
1200 398 1425 452 pecuniam

87 455 169 497 sibi
196 469 288 497 esse
320 454 365 495 in
395 454 654 508 nominibus,
684 458 955 496 numeratam
986 454 1031 495 in
1062 456 1307 508 praesentia
1338 471 1425 498 non

86 514 255 556 habere.
323 512 441 555 Haec
490 528 586 555 cum
636 513 821 554 maxime
867 528 1033 554 summa
1077 513 1299 556 hominum
1343 514 1426 556 fre-

50 586 66 612 5
87 572 262 628 quentia
281 572 597 625 testificaretur,
622 574 671 612 ut
698 571 835 626 quivis
862 572 1115 627 intellegere
1142 576 1289 626 posset
1317 588 1425 627 eum,

87 631 200 686 quod
234 631 458 685 pecuniam
489 644 576 672 non
608 630 812 683 dedisset,
850 630 1006 673 idcirco
1039 630 1117 672 illa
1148 634 1239 673 tam
1272 633 1425 674 acerba

84 690 241 732 iniuria
282 689 395 731 affici
433 713 489 718 —-
527 703 622 730 cum
662 689 864 742 maxime,
907 691 956 730 ut
993 689 1104 744 dico,
1148 690 1229 732 hoc
1268 691 1318 732 de
1356 705 1425 746 pe-

85 749 210 791 cunia
242 749 466 801 clamaret,
497 747 543 789 in
572 747 715 789 vincla
746 747 962 789 coniectus
995 750 1071 789 est.

173 806 327 848 Videte
372 806 660 848 constantiam
703 807 934 861 praetoris,
979 808 1021 847 et
1065 807 1154 848 eius
1199 808 1425 863 praetoris,

33 880 66 905 10
86 866 158 921 qui
201 866 246 906 in
290 865 357 907 his
401 865 528 906 rebus
571 879 658 907 non
701 865 764 906 ita
802 864 1071 919 defendatur,
1114 869 1163 907 ut
1201 867 1425 909 mediocris

85 927 271 980 praetor,
296 924 371 966 sed
395 923 458 965 ita
483 923 693 978 laudetur,
724 926 773 965 ut
800 923 988 977 optimus
1015 924 1261 979 imperator.
1318 925 1425 968 Cum

87 998 309 1025 servorum
346 982 510 1024 bellum
548 985 827 1035 metueretur,
866 997 949 1037 quo
987 983 1196 1037 supplicio
1230 984 1425 1026 dominos

85 1042 357 1084 indemnatos
384 1041 622 1095 adficiebat,
653 1041 735 1083 hoc
761 1055 907 1083 servos
935 1041 1159 1083 damnatos
1192 1042 1425 1098 liberabat3

86 1100 383 1156 Apollonium,
407 1100 626 1141 hominem
651 1100 1052 1155 locupletissimum,
1079 1101 1162 1155 qui,
1190 1101 1226 1142 si
1250 1102 1425 1157 fugitivi

34 1173 65 1199 15
84 1160 248 1202 bellum
275 1159 320 1201 in
345 1157 492 1201 Sicilia
516 1158 717 1212 facerent,
751 1159 1042 1213 amplissimas
1070 1160 1267 1202 fortunas
1303 1161 1426 1202 amit-

84 1221 209 1272 teret,
234 1217 340 1259 belli
365 1217 649 1273 fugitivorum
674 1218 846 1259 nomine
871 1218 1034 1260 indicta
1059 1233 1188 1260 causa
1213 1219 1258 1260 in
1283 1220 1425 1261 vincla

86 1277 284 1331 coniecit3
311 1290 468 1330 servos,
495 1291 601 1331 quos
621 1276 713 1331 ipse
734 1277 783 1317 de
805 1277 970 1318 consilii
992 1278 1206 1319 sententia
1231 1278 1336 1319 belli
1362 1278 1424 1320 fa-

85 1335 221 1378 ciendi
233 1349 362 1378 causa
373 1335 638 1377 consensisse
653 1335 869 1389 iudicavit,
881 1350 952 1377 eos
969 1335 1059 1377 sine
1075 1336 1245 1378 consilii
1260 1340 1425 1378 senten-

84 1396 147 1437 tia
165 1410 243 1437 sua
260 1396 413 1449 sponte
431 1394 548 1436 omni
566 1394 777 1449 supplicio
798 1394 1011 1436 liberavit.
1045 1394 1184 1443 Quid?
1206 1395 1242 1436 si
1262 1396 1424 1450 aliquid

32 1467 64 1491 20
86 1454 139 1496 ab
166 1453 402 1508 Apollonio
441 1452 717 1495 commissum
756 1456 838 1507 est,
877 1468 1006 1507 quam
1042 1454 1096 1495 ob
1128 1468 1219 1495 rem
1250 1454 1295 1496 in
1327 1470 1424 1497 eum

84 1514 175 1555 iure
202 1512 627 1566 animadverteretur,
659 1514 858 1553 tamenne
884 1512 996 1554 hanc
1021 1527 1111 1554 rem
1142 1513 1202 1555 sic
1234 1527 1424 1569 agemus,

83 1574 132 1614 ut
160 1571 330 1614 crimini
363 1574 437 1612 aut
466 1570 652 1612 invidiae
684 1585 756 1612 reo
789 1573 987 1625 putemus
1021 1585 1112 1613 esse
1144 1575 1355 1627 oportere,
1388 1573 1425 1615 si

85 1646 168 1685 quo
196 1630 246 1672 de
278 1630 450 1671 homine
484 1630 672 1671 severius
705 1629 985 1671 iudicaverit?
1041 1629 1140 1672 Non
1172 1645 1301 1686 agam
1333 1633 1423 1673 tam

85 1689 252 1742 acerbe,
301 1703 388 1730 non
434 1691 532 1730 utar
574 1688 661 1730 ista
704 1688 971 1730 accusatoria
1014 1690 1337 1745 consuetudine,
1388 1691 1424 1732 si

31 1761 63 1786 25
85 1748 185 1803 quid
224 1750 290 1789 est
325 1747 488 1789 factum
527 1747 777 1801 clementer,
816 1750 864 1789 ut
902 1747 1110 1789 dissolute
1145 1748 1309 1790 sactum
1347 1749 1424 1792 cri-

85 1807 237 1860 miner,
275 1806 313 1848 si
350 1806 451 1860 quid
488 1806 751 1847 vindicatum
789 1809 854 1848 est
887 1821 1048 1861 severe,
1087 1809 1135 1848 ut
1167 1822 1216 1848 ex
1249 1822 1298 1849 eo
1331 1823 1423 1850 cru-

1452 791 1477 831 8

1454 843 1495 874 18

1453 1407 1494 1437 19

85 1865 276 1908 delitatis
313 1864 519 1906 invidiam
558 1865 773 1921 colligam.
835 1864 934 1907 Non
967 1880 1095 1921 agam
1126 1865 1213 1908 ista
1244 1866 1423 1920 ratione,
1473 1863 1478 1866 Δ

82 1927 159 1967 tua
179 1938 332 1979 sequar
350 1923 519 1978 iudicia,
544 1926 663 1965 tuam
691 1923 913 1965 defendam
941 1924 1256 1979 auctoritatem,
1283 1926 1423 1980 quoad

83 1986 131 2026 tu
157 1984 295 2036 voles,
326 1982 454 2023 simul
481 1997 530 2024 ac
556 1985 648 2024 tute
674 1983 864 2036 coeperis
890 1985 965 2024 tua
990 1983 1146 2025 iudicia
1171 1984 1422 2038 rescindere,

83 2042 191 2084 mihi
228 2055 474 2083 suscensere
512 2041 714 2095 desinito,
755 2056 848 2083 meo
887 2041 977 2083 iure
1016 2042 1129 2083 enim
1168 2043 1422 2084 contendam

83 2115 193 2154 eum,
225 2100 298 2155 qui
324 2114 400 2142 suo
426 2099 582 2142 iudicio
609 2100 836 2142 damnatus
864 2100 932 2154 sit,
964 2100 1204 2142 iuratorum
1236 2101 1422 2143 iudicum

84 2159 309 2202 sententiis
342 2158 536 2200 damnari
568 2161 778 2213 oportere.
834 2158 933 2201 Non
965 2159 1189 2201 defendam
1215 2160 1422 2214 Apolloni
1449 2178 1455 2184 ·

84 2233 274 2273 causam,
307 2218 433 2260 amici
465 2220 593 2272 atque
625 2218 810 2273 hospitis
843 2218 943 2272 mei,
980 2233 1032 2260 ne
1065 2221 1187 2260 tuum
1218 2219 1422 2261 iudicium

83 2277 230 2319 videar
251 2277 508 2331 rescindere,
534 2276 641 2318 nihil
670 2277 719 2318 de
745 2277 930 2318 hominis
956 2276 1222 2333 frugalitate,
1249 2278 1422 2333 virtute,

49 2336 310 2392 5diligentia
348 2335 503 2390 dicam3
540 2336 885 2391 praetermittam
924 2336 1031 2377 illud
1067 2336 1216 2391 etiam,
1255 2337 1305 2378 de
1338 2352 1421 2391 quo

84 2398 183 2437 ante
215 2395 314 2448 dixi,
347 2394 544 2436 fortunas
577 2394 666 2436 eius
697 2395 760 2437 ita
792 2395 1049 2437 constitutas
1080 2395 1213 2437 fuisse
1243 2395 1422 2451 familia,

83 2468 252 2509 pecore,
289 2453 424 2505 villis,
461 2453 651 2508 pecuniis
685 2453 875 2508 creditiS,
910 2456 959 2495 ut
988 2454 1151 2495 nemini
1181 2454 1322 2496 minus
1355 2470 1422 2496 ex-

1066 2522 1138 2557 28*
