1618 2584
426 241 513 275 ΜΒ.
543 242 556 275 1
602 241 702 276 CAP.
731 245 868 276 20-22
896 244 914 283 ξ
942 245 1090 275 54-59.
1352 242 1429 281 161

89 353 196 393 quae
230 352 278 378 ex
311 337 422 378 fanis
456 337 793 392 religiosissimis
824 351 899 390 per
926 337 1064 378 scelus
1092 338 1134 377 et
1161 336 1434 377 latrocinium

90 396 325 448 abstulisti,
371 411 420 437 ea
462 411 541 437 nos
585 396 726 437 videre
769 396 852 436 nisi
896 396 941 436 in
984 396 1070 436 tuis
1116 395 1434 448 amicorumque

88 459 260 508 tuorum
293 455 417 495 tectis
450 469 536 495 non
569 469 814 508 possumus3
850 454 894 495 P.
928 452 1134 495 Servilius
1168 468 1276 507 quae
1310 454 1435 507 signa

89 517 217 567 atquc
250 516 503 554 ornamenta
536 529 585 554 ex
618 514 721 554 urbe
754 513 945 554 hostium
977 513 1019 554 vi
1052 515 1094 553 et
1120 512 1280 553 virtute
1308 515 1435 565 capta

53 572 193 613 5belli
226 572 320 627 lege
354 575 481 626 atque
515 572 791 625 imperatorio
825 572 916 612 iure
949 571 1142 624 sustulit,
1186 586 1235 612 ea
1274 571 1434 624 populo

88 631 283 671 Romano
311 631 570 685 apportavit,
603 646 678 683 per
703 631 971 683 triumphum
1005 630 1131 684 vexit,
1169 630 1231 681 [in
1262 630 1435 670 tabulas

87 689 299 743 publicas]
323 690 375 730 ad
397 690 608 730 aerarium
631 689 932 742 perscribenda
958 689 1135 730 curavit.
1180 688 1436 743 Cognoscite

89 762 138 788 ex
186 748 343 788 litteris
389 748 572 802 publicis
616 748 803 789 hominis
849 748 1108 801 amplissimi
1154 747 1436 802 diligentiam.

88 806 249 847 Recita.
312 806 551 848 RATIONES
586 818 797 847 RELATAE
831 806 875 847 P.
904 804 1102 847 SERVILI.
1164 806 1263 847 Non
1297 807 1437 847 solum

37 878 69 902 10
88 879 313 906 numerum
347 866 580 920 signorum,
614 865 686 906 sed
719 865 849 906 etiam
882 866 1006 905 unius
1040 865 1243 918 cuiusque
1270 865 1438 919 magni-

88 924 291 977 tudinem,
324 925 520 978 figuram,
553 927 716 965 statum
748 923 905 964 litteris
936 923 1104 964 definiri
1130 923 1259 964 vides.
1311 922 1437 964 Certe

89 983 226 1023 maior
265 986 329 1023 est
369 983 542 1024 virtutis
582 982 870 1036 victoriaeque
909 982 1151 1022 iucunditas
1191 997 1319 1035 quam
1352 982 1438 1023 ista

88 1041 306 1094 voluptas,
357 1056 464 1095 quae
509 1042 743 1095 percipitur
788 1056 838 1082 ex
879 1041 1057 1081 libidine
1103 1044 1146 1081 et
1191 1041 1438 1093 cupiditate.

88 1099 225 1140 Multo
265 1100 515 1155 diligentius
548 1101 705 1141 habere
739 1100 831 1141 dico
867 1099 1096 1140 Servilium
1128 1100 1331 1153 praedam
1362 1115 1436 1153 po-

38 1170 69 1195 15
89 1158 179 1212 puli
217 1158 402 1200 Romani
447 1174 575 1213 quam
619 1162 661 1200 te
706 1161 781 1200 tua
824 1158 941 1199 furta
985 1161 1138 1199 notata
1177 1162 1305 1212 atque
1343 1173 1438 1212 per-

90 1217 261 1270 scripta.

177 1276 304 1317 Dices
331 1279 406 1318 tua
432 1291 599 1331 quoque
621 1276 745 1330 signa
766 1278 807 1316 et
829 1276 1001 1316 tabulas
1022 1276 1161 1329 pictas
1184 1278 1436 1316 ornamento
1453 1260 1508 1342 ἓξ

90 1334 186 1375 urbi
234 1335 413 1390 foroque
464 1336 612 1389 populi
672 1334 840 1376 {omani
889 1335 1033 1375 fuisse.
1108 1334 1300 1388 Memini,
1352 1334 1439 1374 vidi

92 1393 219 1434 simul
252 1409 348 1435 011111
380 1395 539 1448 populo
572 1394 767 1434 Romano
800 1393 943 1434 forum
975 1393 1281 1447 comitiumque
1318 1393 1440 1434 ador-

37 1465 70 1488 20
89 1454 239 1493 natum
273 1453 325 1493 ad
358 1453 541 1507 speciem
574 1452 803 1507 magnifico
838 1455 1003 1506 ornatu,
1037 1452 1090 1492 ad
1123 1466 1294 1493 sensum
1326 1452 1438 1506 cogi-

90 1511 384 1566 tationemque
424 1512 577 1553 acerbo
617 1515 658 1552 et
697 1511 889 1565 lugubri3
930 1511 1018 1552 vidi
1050 1511 1260 1552 collucere
1294 1511 1439 1551 omnia

92 1570 216 1610 furtis
249 1571 352 1624 tuis,
388 1571 546 1624 praeda
577 1570 912 1623 provinciarum,
946 1569 1097 1623 spoliis
1132 1569 1345 1610 sociorum
1379 1572 1439 1609 at-

93 1643 172 1681 que
212 1629 458 1670 amicorum.
527 1627 618 1676 Quo
665 1628 835 1682 quidem
879 1631 1091 1681 tempore,
1135 1628 1312 1681 iudices,
1356 1628 1438 1668 iste

92 1701 211 1741 spem
244 1688 476 1728 maximam
503 1688 766 1741 reliquorum
795 1701 962 1740 quoque
989 1689 1262 1740 peccatorum
1286 1689 1438 1727 nactus

39 1758 72 1783 25
92 1749 174 1798 est3
213 1747 320 1786 vidit
359 1747 470 1787 enim
505 1761 595 1799 eos,
634 1746 707 1799 qui
744 1745 998 1786 iudiciorum
1037 1760 1081 1786 se
1121 1745 1317 1786 dominos
1358 1745 1440 1787 dici

92 1805 306 1857 volebant,
340 1805 495 1846 harum
528 1804 812 1858 cupiditatum
845 1818 937 1845 esse
970 1818 1128 1845 servos.
1192 1802 1304 1845 Socii
1336 1818 1438 1845 vero
1465 1817 1507 1848 59

91 1863 371 1917 nationesque
400 1867 569 1904 exterae
597 1878 716 1917 spem
744 1878 912 1904 omnem
945 1865 1038 1903 tum
1070 1862 1257 1917 primum
1280 1862 1439 1903 abiece-

92 1925 191 1962 runt
230 1938 371 1963 rerum
410 1937 458 1964 ac
495 1922 766 1963 fortunarum
812 1936 1006 1975 suarum,
1050 1924 1281 1975 propterea
1327 1921 1440 1975 quod

93 1995 192 2022 casu
243 1981 378 2036 legati
428 1996 477 2022 ex
522 1981 628 2021 Asia
673 1984 800 2034 atque
845 1980 1012 2021 Achaia
1055 1980 1231 2035 plurimi
1276 1980 1439 2021 Romae

42 2052 74 2076 30
93 2043 193 2081 tunc
224 2040 409 2093 fuerunt,
443 2040 516 2094 qui
548 2040 722 2081 deorum
756 2039 985 2080 simulacra
1018 2054 1067 2079 ex
1095 2039 1182 2080 suis
1210 2039 1321 2079 fanis
1344 2039 1439 2080 sub-

94 2099 184 2139 lata
220 2099 264 2139 in
302 2099 396 2140 foro
435 2099 770 2151 venerabantur,
813 2098 1001 2152 itemque
1041 2101 1183 2138 cetera
1228 2098 1353 2152 signa
1398 2100 1439 2138 et

95 2161 345 2199 ornamenta
378 2172 472 2198 cum
507 2160 830 2212 cognoscerent,
876 2157 962 2197 alia
996 2156 1079 2197 alio
1112 2156 1159 2196 in
1190 2156 1283 2197 loco
1317 2157 1440 2197 lacri-

94 2220 259 2257 mantes
284 2217 574 2257 intuebantur.
625 2214 813 2263 Quorum
842 2215 1032 2256 omnium
1058 2215 1171 2256 hunc
1199 2229 1438 2256 sermonem

96 2278 187 2316 tum
238 2290 329 2316 esse
381 2275 675 2327 audiebamus,
725 2274 833 2314 nihil
885 2288 994 2327 esse,
1049 2273 1162 2327 quod
1212 2274 1438 2327 quisquam

42 2345 74 2369 35
95 2334 310 2375 dubitaret
349 2334 398 2374 de
439 2334 568 2374 exitio
612 2333 825 2374 sociorum
871 2335 998 2386 atque
1044 2332 1298 2385 amicorum,
1344 2347 1438 2387 cum

96 2392 264 2446 quidem
296 2393 489 2434 viderent
521 2393 564 2433 in
596 2391 690 2433 foro
724 2391 872 2445 populi
905 2390 1107 2444 Romani,
1151 2405 1234 2445 quo
1267 2390 1312 2431 in
1343 2391 1437 2432 loco

94 2454 233 2504 antea,
266 2452 337 2505 qui
364 2452 490 2493 sociis
516 2451 694 2491 iniurias
720 2450 922 2503 fecerant,
957 2449 1148 2491 accusari
1175 2452 1217 2490 et
1245 2449 1437 2492 condem-

165 2525 294 2551 01011.
329 2528 349 2551 1.
1111 2523 1149 2552 11
