1618 2584
17 2406 22 2584 1

436 263 523 297 Llss.
545 248 588 298 V'
621 263 719 299 CAP.
747 267 884 298 63—65
911 267 930 305 ς
960 268 1152 299 164—168.
1221 287 1226 292 .
1377 266 1460 307 491

128 358 369 401 Romanum
402 373 445 400 se
479 373 569 400 esse
603 359 781 400 dicebat.
833 357 878 400 Si
909 362 957 400 tu
989 359 1102 413 apud
1127 358 1280 408 Persas
1315 363 1388 401 aut
1419 361 1464 402 in

128 420 318 458 extrema
373 417 495 458 India
554 418 802 470 deprensus,
857 416 1032 470 Verres,
1093 417 1146 458 ad
1205 419 1462 472 supplicium

128 475 343 529 ducerere,
388 475 488 530 quid
533 475 647 516 aliud
688 476 951 530 clamitares,
994 475 1078 517 nisi
1114 479 1158 517 te
1196 476 1331 517 civem
1373 491 1463 518 esse

127 533 398 575 Romanum?
431 537 484 587 et,
517 534 553 574 si
579 534 659 574 tibi
685 534 834 588 ignoto
862 534 974 588 apud
1005 534 1192 588 ignotos,
1225 535 1338 588 apud
1369 535 1462 576 bar—

91 604 107 629 5
127 592 274 645 baros,
313 593 425 649 apud
461 592 656 633 homines
693 592 739 632 in
770 592 971 632 extremis
1005 597 1132 646 atque
1164 592 1330 633 ultimis
1364 607 1462 648 gen-

127 651 243 691 tibus
287 651 453 704 positos
496 650 654 691 nobile>
686 653 728 690 et
765 651 933 691 illustre
972 651 1085 704 apud
1123 665 1270 692 omnes
1307 665 1463 692 nomen

126 708 315 749 civitatis
347 711 446 749 tuae
477 708 727 762 profuisset,
764 708 856 761 ille,
890 708 1082 761 quisquis
1116 712 1225 762 erat,
1259 718 1389 763 quem·
1416 712 1462 750 tu

125 767 170 807 in
197 781 362 807 crucem
389 766 599 820 rapiebas,
632 766 703 819 qui
730 766 810 806 tibi
838 770 950 807 esset
980 766 1167 821 ignotus,
1200 781 1296 808 cum
1329 768 1463 808 civem

127 839 170 865 se
202 824 444 865 Romanum
477 838 569 864 esse
603 824 777 877 diceret,
817 824 929 878 apud
960 827 1003 865 te
1034 827 1278 878 praetorem
1311 825 1348 866 si
1378 839 1464 866 non
1517 831 1522 836 '

74 896 106 920 ιο
127 883 349 937 effugium,
386 896 439 922 ne
477 896 642 922 moram
681 882 851 935 quidem
889 882 1040 923 mortis
1080 882 1296 923 mentione
1335 886 1463 936 atque

126 940 404 994 usurpatione
425 940 613 981 civitatis
635 940 805 993 assequi
830 940 1002 994 potuit?
1055 940 1263 982 Homines
1290 943 1438 982 tenues
1478 924 1534 965 65

125 999 307 1040 obscuro
339 999 432 1040 loco
463 998 556 1038 nati
586 998 811 1053 navigant,
851 998 1009 1038 adeunt
1041 998 1094 1038 ad
1126 1013 1176 1039 ea
1207 999 1318 1051 loca,
1355 1014 1463 1053 quae

123 1071 359 1110 numquam
387 1060 512 1097 antea
537 1056 746 1109 viderunt,
780 1056 853 1096 ubi
878 1070 1015 1109 neque
1040 1057 1133 1097 noti
1161 1071 1252 1097 esse
1281 1057 1346 1110 iis,
1380 1072 1462 1111 quo

124 1117 343 1168 venerunt,
370 1129 506 1168 neque
529 1128 696 1167 semper
716 1129 812 1155 cum
833 1114 1127 1169 cognitoribus
1152 1129 1244 1155 esse
1270 1118 1462 1169 possunt.

72 1186 105 1211 15
125 1173 217 1215 Hac
237 1188 321 1214 una
340 1176 486 1214 tamen
505 1173 660 1214 fiducia
680 1172 869 1214 civitatis
890 1187 976 1213 non
996 1173 1122 1213 modo
1152 1173 1263 1227 apud
1290 1176 1461 1214 nostros

124 1232 425 1287 magistratus,
464 1232 536 1285 qui
559 1231 617 1272 'et
655 1231 800 1286 legum
836 1233 878 1272 et
911 1231 1241 1272 existimationis
1273 1232 1462 1285 periculo

124 1291 415 1343 continentur,
458 1304 595 1343 neque
634 1290 746 1343 apud
784 1289 895 1330 cives
935 1290 1075 1330 solum
1113 1290 1348 1342 Romanos,
1391 1290 1463 1343 qui

124 1352 167 1391 et
216 1348 425 1390 sermonis
470 1351 512 1388 et
555 1348 660 1388 iuris
705 1350 748 1388 et
791 1348 1025 1388 multarum
1070 1361 1213 1388 rerum
1257 1348 1463 1389 societate

124 1407 258 1449 iuncti
281 1409 395 1459 sunt,
426 1406 518 1447 fore
545 1420 589 1447 se
615 1408 732 1447 tutos
766 1406 1046 1459 arbitrantur,
1079 1406 1163 1457 sed,
1197 1420 1463 1460 quocumque

71 1479 104 1504 20
124 1466 331 1518 venerint,
351 1465 461 1506 hanc
480 1465 562 1505 sibi
579 1479 668 1505 rem
687 1464 900 1518 praesidio
920 1467 1096 1518 sperant
1115 1466 1242 1516 [esse]
1261 1464 1463 1506 futuram.

124 1524 246 1566 Tolle
284 1524 394 1565 hanc
432 1537 570 1577 spem,
608 1523 714 1563 tolle
751 1522 832 1563 hoc
870 1522 1130 1576 praesidium
1162 1523 1325 1564 civibus
1359 1523 1440 1564 Ro·
1468 1532 1533 1563 168

124 1583 280 1636 manis,
319 1582 532 1623 constitue
564 1581 672 1621 nihil
705 1595 796 1621 esse
829 1581 922 1634 opis
955 1581 999 1621 in
1029 1581 1110 1622 hac
1142 1595 1262 1622 voce:
1303 1580 1462 1623 ‘Civis

123 1642 378 1683 Romanus
411 1639 552 1692 sum’,
585 1653 710 1693 posse
741 1640 915 1693 impune
946 1642 1189 1693 praetorem
1224 1642 1298 1680 aut
1331 1640 1461 1681 alium

126 1695 362 1754 quemlibet
386 1698 658 1752 supplicium,
692 1698 804 1751 quod
836 1697 953 1749 velit,
985 1698 1030 1738 in'
1062 1712 1158 1738 eum
1190 1698 1462 1752 constituere,

70 1769 105 1795 25
125 1758 198 1812 qui
242 1772 286 1799 se
331 1757 466 1799 civem
507 1756 749 1797 Romanum
793 1770 883 1797 esse
928 1756 1058 1810 dicat,
1103 1756 1233 1810 quod,
1278 1757 1350 1810 qui
1394 1757 1462 1811 sit,

123 1818 310 1871 ignoret:
342 1816 429 1856 iam
456 1829 602 1856 omnes
630 1814 884 1868 provincias,
915 1814 1002 1855 iam
1030 1815 1173 1856 omnia
1199 1829 1344 1870 regna,
1376 1815 1461 1856 iam

125 1889 272 1917 omnes
301 1874 460 1914 liberas
494 1874 703 1927 civitates,
735 1874 821 1914 iam
855 1887 1024 1914 omnem
1057 1873 1206 1914 orbem
1237 1876 1462 1926 terrarum,

125 1933 198 1987 qui
224 1947 392 1987 semper
422 1932 583 1973 nostris
615 1932 863 1973 hominibus
895 1932 1079 1972 maxime
1111 1932 1266 1986 patuit,
1299 1932 1461 1973 civibus

124 1991 332 2033 Romanis
376 1990 461 2031 ista
505 1990 748 2031 defensione
793 1990 1085 2043 praecluseris.
1156 1989 1296 2038 Quid?
1341 1990 1378 2031 si
1417 1989 1462 2031 L.

72 2062 105 2088 80
124 2050 340 2103 Raecium,
372 2049 559 2103 equitem
589 2048 843 2101 Romanum,
877 2048 950 2102 qui
981 2051 1073 2089 tum
1104 2048 1149 2088 in
1183 2048 1328 2089 Sicilia
1360 2052 1463 2098 erat,

123 2109 393 2161 nominabat,
445 2107 629 2148 etiamne
679 2106 722 2147 id
773 2120 977 2160 magnum
1020 2106 1121 2160 fuit,
1171 2106 1463 2148 Panhormum

123 2168 293 2208 litteras
352 2166 555 2207 mittere?
641 2165 921 2206 Asservasses
979 2164 1209 2206 hominem¹
1257 2165 1462 2206 custodiis

122 2224 479 2267 Mamertinorum
523 2227 714 2277 tuorum,
757 2224 949 2265 vinctum
994 2224 1185 2264 clausum
1227 2223 1464 2277 habuisses,

103 2280 225 2325 vdum
245 2283 491 2325 Panhormo
512 2282 693 2324 Raecius
720 2282 902 2335 veniret3
929 2284 1208 2336 cognosceret
1233 2282 1464 2336 hominem,

71 2354 104 2379 85
126 2342 288 2396 aliquid
326 2342 376 2383 de
415 2356 581 2383 summo
621 2340 831 2394 supplicio
862 2340 1122 2394 remitteres3
1163 2340 1199 2382 si
1230 2340 1462 2396 ignoraret,

123 2404 234 2454 tum,
277 2400 313 2441 si
349 2400 412 2442 ita
449 2400 531 2441 tibi
568 2399 802 2452 videretur,
839 2398 920 2440 hoe
958 2399 1063 2440 iuris
1101 2399 1146 2440 in
1184 2414 1329 2441 omnes
1369 2413 1464 2441 con-

125 2459 338 2512 stitueres,
369 2462 430 2513 ut,
448 2458 535 2512 qui
565 2472 703 2512 neque
734 2457 815 2498 tibi
846 2459 975 2498 notus
1009 2459 1122 2498 esset
1154 2472 1289 2512 neque
1322 2457 1464 2513 cogni-

1468 975 1533 1006 167
