1618 2584
432 61 533 98 CAP.
559 65 699 98 48—50
724 66 743 105 s
770 65 963 110 139÷145.
1233 56 1236 59 '
1316 62 1369 103 77

32 171 206 201 causam
236 155 348 198 laedi
379 159 520 212 putet,
553 173 647 200 cum
680 157 983 214 Chrysogonus
1015 157 1299 212 vituperetur,
1332 159 1370 200 is

33 229 206 263 causam
242 214 435 270 ignorat,
481 230 526 258 se
562 217 704 271 ipsum
741 218 874 271 probe
910 216 1048 271 novit3
1093 231 1221 258 causa
1257 217 1371 258 enim

33 272 294 329 splendidior
329 274 420 329 fiet,
459 275 495 317 si
531 275 793 330 nequissimo
833 275 983 330 cuique
1014 276 1257 329 resistetur,
1297 275 1372 316 ille

2 382 3 386 Ἰ
33 331 375 386 improbissimus
420 331 690 390 Chrysogoni
731 333 892 389 fautor,
935 333 1008 388 qui
1045 334 1128 375 sibi
1160 348 1255 375 cum
1293 334 1371 375 illo

1 392 3 437 ἓ
33 390 243 433 rationem
279 392 638 434 communicatam
669 395 806 447 putat,
838 393 1040 447 laeditur,
1077 407 1172 435 cum
1205 392 1258 434 ab
1290 392 1372 434 hoc

3 476 5 487 .
34 449 257 505 splendore
289 464 442 492 causae
475 453 709 505 separatur.

118 506 280 549 Verum
311 508 416 550 haec
448 509 588 551 omnis
620 510 772 564 oratio,
804 512 852 551 ut
882 511 969 552 iam
1001 512 1100 552 ante
1130 509 1227 564 dixi,
1253 524 1349 551 mea
1376 517 1441 548 143

34 569 110 620 est,
143 580 227 621 qua
258 581 325 608 me
357 567 421 608 uti
452 582 520 609 res
551 568 726 622 publica
758 571 801 609 et
826 569 949 610 dolor
974 583 1092 611 meus
1120 571 1163 610 et
1188 568 1371 610 istorum

31 625 188 667 iniuria
231 625 390 681 coegit3
437 624 529 667 Sex.
573 625 754 667 Roscius
797 627 952 668 horum
996 627 1105 668 nihil
1148 627 1373 682 indignum

31 685 173 740 putat,
222 684 436 726 neminem
493 687 682 738 accusat,
730 685 839 726 nihil
884 685 934 726 de
984 700 1060 727 suo
1110 685 1371 740 patrimonio

34 742 243 799 queritur;
286 745 412 797 putat
448 742 578 785 homo
615 743 840 797 imperitus
878 758 1064 797 morum,
1103 744 1294 800 agricola
1331 746 1374 784 et

31 801 235 855 rusticus,
269 802 356 843 ista
387 802 543 856 omnia,
576 815 682 856 quae
714 816 790 843 vos
822 816 898 856 per
929 800 1094 844 Sullam
1127 805 1250 857 gesta
1282 817 1373 844 esse

33 860 184 914 dicitis,
216 874 346 914 more,
377 861 484 916 lege,
514 861 605 902 iure
632 860 825 915 gentium
849 860 982 915 facta3
1015 862 1140 914 culpa
1166 861 1374 902 liberatus

33 921 76 961 et
115 918 290 960 crimine
332 919 498 961 nefario
542 919 709 961 solutus
754 919 871 972 cupit
914 934 939 961 a
982 920 1103 961 vobis
1137 920 1370 973 discedere3

12 966 70 1020 si
111 977 191 1020 hac
233 977 411 1033 indigna
448 977 687 1032 suspicione
731 981 892 1031 careat,
937 978 1078 1019 animo
1124 993 1258 1033 aequo
1307 992 1351 1019 se
1379 985 1443 1015 144

33 1051 175 1079 carere
213 1036 300 1077 suis
340 1036 538 1078 omnibus
581 1036 814 1078 commodis
859 1036 979 1089 dicit3
1023 1039 1151 1092 rogat
1195 1039 1374 1090 oratque

14 1096 88 1150 lte,
116 1094 409 1150 Chrysogone,
440 1095 477 1137 si
507 1095 617 1137 nihil
644 1095 693 1136 de
719 1095 857 1150 patris
881 1095 1068 1136 fortunis
1096 1095 1374 1148 amplissimis

17 1154 77 1214 jin
114 1168 235 1195 suam
272 1168 362 1195 rem
401 1154 630 1208 convertit,
671 1153 708 1194 si
743 1153 865 1195 nulla
901 1153 946 1194 in
983 1168 1028 1195 re
1066 1156 1110 1195 te
1146 1154 1375 1207 fraudavit,

19 1212 71 1256 si
100 1212 182 1254 tibi
213 1212 377 1266 optima
407 1212 489 1254 fide
522 1227 600 1254 sua
631 1212 775 1254 omnia
806 1212 1034 1266 concessit,
1067 1212 1375 1266 adnumeravit,

21 1270 249 1327 adpendit,
280 1271 316 1312 si
342 1271 560 1325 vestitum,
591 1285 674 1326 quo
701 1271 792 1325 ipse
818 1273 957 1313 tectus
983 1273 1089 1324 erat,
1117 1271 1376 1325 anulumque

22 1330 84 1373 de
117 1329 253 1386 digito
286 1344 410 1371 suum
441 1330 523 1371 tibi
554 1330 752 1384 tradidit,
790 1329 827 1371 si
858 1344 908 1371 ex
941 1330 1138 1371 omnibus
1171 1330 1299 1371 rebus
1333 1344 1376 1370 se

22 1389 174 1444 ipsum
213 1388 375 1430 nudum
413 1403 550 1443 neque
586 1391 810 1443 praeterea
847 1388 1075 1443 quicquam
1107 1388 1288 1442 excepit,
1330 1391 1377 1430 ut

22 1440 117 1490 sibi
155 1462 230 1502 per
266 1449 309 1488 te
346 1447 475 1489 liceat
510 1447 728 1489 innocenti
766 1447 1000 1489 amicorum
1033 1447 1185 1500 opibus
1217 1447 1353 1488 vitam
1442 1491 1447 1509 ᾗ

32 1507 68 1545 εἰ
116 1508 308 1562 egestate
347 1506 511 1561 degere.
578 1505 760 1547 Praedia
797 1521 893 1547 mea
931 1508 979 1547 tu
1016 1506 1227 1560 possides,
1271 1519 1351 1561 ego
1381 1484 1447 1565 1542·ss

35 1565 174 1607 aliena
216 1564 508 1607 misericordia
550 1564 666 1618 vivo3
709 1565 910 1617 concedo,
954 1567 997 1605 et
1036 1564 1149 1618 quod
1186 1564 1353 1606 animus

23 1638 194 1679 aequus
220 1626 297 1677 est,
324 1625 367 1665 et
393 1623 492 1678 quia
516 1637 688 1665 necesse
715 1625 791 1664 est.
840 1622 937 1664 Mea
963 1622 1113 1664 domus
1140 1623 1222 1664 tibi
1246 1625 1378 1676 patet,

48 1683 142 1724 nihi
179 1683 326 1725 clausa
363 1685 446 1736 est3
482 1681 586 1723 fero.
647 1680 832 1722 Familia
863 1696 958 1722 mea
990 1681 1177 1722 maxima
1207 1684 1255 1722 tu
1286 1683 1378 1722 ute-

37 1742 112 1795 is,
155 1755 235 1797 ego
279 1755 449 1783 servum
486 1741 624 1782 habeo
668 1740 854 1794 nullum3
896 1740 1040 1795 patior
1078 1743 1120 1781 et
1156 1739 1378 1781 ferendum

0 1821 2 1835 ·
38 1802 153 1851 puto.
186 1799 375 1849 Quidvis
391 1799 607 1854 amplius?
627 1799 991 1854 quidinsequeris,
1006 1799 1108 1853 quid
1122 1799 1377 1853 oppugnas?

41 1873 123 1914 qua
158 1858 204 1900 in
239 1873 285 1900 re
321 1860 442 1900 tuam
479 1859 749 1900 voluntatem
790 1858 902 1899 laedi
941 1873 966 1899 a
1002 1872 1069 1900 me
1102 1858 1259 1911 putas?
1305 1856 1380 1898 ubi

41 1918 123 1960 uis
154 1917 388 1959 commodis
421 1916 592 1960 officio?
625 1917 726 1971 quid
756 1916 838 1958 tibi
864 1917 1020 1958 obsto?
1071 1914 1116 1957 Si
1141 1915 1379 1971 spoliorum

2 2010 4 2015 .
63 1990 166 2018 ausa
201 1976 267 2018 vis
305 1976 525 2017 hominem
563 1975 770 2029 occidere,
808 1975 1024 2029 spoliasti3
1070 1974 1172 2029 quid
1210 1974 1378 2028 quaeris

43 2035 252 2090 mplius?
291 2035 327 2076 si
363 2034 704 2084 inimicitiarum,
744 2048 851 2088 quae
883 2036 983 2075 sunt
1014 2033 1096 2075 tibi
1129 2032 1379 2074 inimicitiae

63 2108 135 2135 um
173 2108 239 2148 eo,
282 2094 400 2136 cuius
438 2096 538 2135 ante
574 2092 751 2147 praedia
786 2092 1033 2146 possedisti,
1072 2106 1201 2146 quam
1238 2092 1380 2145 ipsum

64 2152 308 2207 ognovisti‘?
347 2153 383 2194 si
420 2155 578 2206 metus,
619 2151 673 2193 ab
712 2165 816 2193 eone
848 2150 1010 2205 aliquid
1040 2150 1215 2204 metuis,
1253 2164 1380 2204 quem

52 2210 157 2252 ides
193 2211 335 2265 ipsum
374 2211 427 2253 ab
467 2225 512 2253 se
548 2212 639 2252 tam
673 2212 862 2252 atrocem
893 2209 1094 2251 iniuriam
1125 2209 1379 2263 propulsare

52 2282 125 2311 ⁸011
157 2271 310 2323 posse?
343 2271 427 2324 sin,
465 2269 577 2324 quod
609 2269 740 2323 bona,
772 2283 879 2324 quae
911 2268 1001 2310 Sex.
1026 2267 1164 2310 ‘Rosci
1194 2267 1391 2321 fuerunt,-

9 866 13 892 1
