1618 2584
0 910 30 932 [Ο

0 1202 28 1226 15

0 1496 29 1521 20

0 1791 29 1816 25

0 2086 29 2111 30

0 2379 31 2404 35

373 272 460 308 LIB.
488 273 520 306 11
566 273 663 308 CAP.
692 278 828 308 21-23
855 278 873 315 ξ
901 277 1048 308 50—56.
1301 274 1384 314 219

52 370 178 425 longe
221 369 386 424 primus
432 370 619 411 civitatis
659 373 724 411 est
762 369 934 424 quidam
971 369 1207 424 Epicrates.
1274 368 1384 411 Huic

51 428 265 469 hereditas
292 428 365 469 HS
395 429 727 484 quingentorum
755 429 922 469 milium
947 431 1122 469 venerat
1152 443 1176 469 a
1208 428 1384 469 muliere

52 487 234 541 quadam
254 487 507 542 propinqua,
535 491 662 542 atque
688 488 750 528 ita
776 488 1030 542 propinqua,
1053 490 1115 541 ut,
1139 502 1189 528 ea
1216 487 1386 528 etiamsi

48 546 256 586 intestata
289 549 401 587 esset
434 549 620 599 mortua,
651 546 900 601 Epicratem
932 545 1184 587 Bidinorum
1216 546 1385 601 legibus

50 604 248 646 heredem
288 619 379 646 esse
418 608 646 659 oporteret.
709 605 871 646 Recens
904 608 996 646 erat
1027 605 1104 646 illa
1135 619 1220 659 res,
1259 619 1385 658 quam

51 666 149 704 ante
183 664 490 717 demonstravi,
529 664 579 704 de
611 663 812 705 Heraclio
846 662 1130 718 Syracusano,
1170 663 1242 718 qui
1274 664 1385 705 bona

49 737 135 763 non
160 723 427 777 perdidisset,
458 722 542 763 nisi
569 723 606 763 ei
638 723 824 764 venisset
856 722 1082 763 hereditas.
1139 722 1251 764 Huic
1284 737 1386 776 quo-

51 796 130 834 que
173 781 367 835 Epicrati
410 783 603 835 venerat,
647 784 696 822 ut
740 781 843 834 dixi,
887 781 1114 822 hereditas.
1184 781 1386 837 Cogitare

50 843 280 894 coeperunt
323 840 413 881 eius
450 840 611 881 inimici
648 840 784 881 nihilo
824 840 963 880 minus
1003 840 1150 881 eodem
1188 843 1386 895 praetore

49 899 183 939 everti
215 899 326 940 hunc
358 899 481 940 bonis
513 913 656 953 posse,
690 913 772 952 quo
798 898 1024 940 Heraclius
1058 902 1171 940 esset
1203 914 1386 940 eversus.

49 957 155 998 Rem
181 958 344 999 occulte
371 957 615 1011 instituunt,
642 957 695 998 ad
711 957 887 998 Verrem
913 973 989 1012 per
1015 958 1104 998 eius
1130 958 1386 1012 interpretes

50 1016 255 1058 deferunt.
312 1017 380 1058 Ita
412 1031 540 1058 causa
573 1017 860 1070 componitur,
892 1019 940 1057 ut
971 1017 1076 1057 item
1107 1017 1387 1071 palaestritae

48 1074 190 1115 Bidini
235 1078 431 1130 peterent
476 1075 529 1116 ab
570 1075 772 1130 Epicrate
816 1075 1118 1129 hereditatem,
1163 1090 1290 1129 quem
1335 1076 1387 1117 ad

49 1134 222 1175 modum
243 1135 520 1188 palaestritae
542 1132 798 1189 Syracusani
819 1135 871 1175 ab
893 1134 1095 1176 Heraclio
1119 1134 1386 1188 petivissent.

49 1192 293 1247 Numquam
333 1208 409 1235 vos
446 1196 690 1248 praetorem
727 1196 812 1234 tam
854 1193 1160 1247 palaestricum
1199 1193 1386 1247 vidistis3

48 1266 195 1293 verum
239 1252 301 1293 ita
344 1252 620 1307 palaestritas
667 1252 936 1305 defendebat,
980 1255 1028 1293 ut
1072 1252 1125 1293 ab
1169 1252 1256 1293 illis
1294 1253 1386 1307 ipse

48 1311 217 1352 unctior
237 1311 386 1352 abiret.
417 1311 448 1364 ’ζ-
480 1310 560 1359 Qui
581 1311 730 1352 statim
751 1311 862 1365 quod
888 1326 1091 1366 praesens
1118 1314 1242 1365 esset,
1267 1311 1387 1353 iubet

49 1370 215 1411 cuidam
255 1370 488 1411 amicorum
528 1385 701 1411 suorum
738 1370 954 1411 numerari
992 1369 1064 1411 HS
1102 1382 1240 1411 LXXX.
1302 1371 1385 1412 Res

50 1429 256 1470 occultari
295 1429 400 1470 satis
439 1444 525 1470 non
562 1430 721 1484 potuit3
759 1444 835 1484 per
868 1429 1078 1483 quendam
1112 1444 1276 1483 eorum,
1316 1430 1388 1484 qui

48 1488 350 1541 interfuerant,
392 1488 442 1528 fit
479 1488 703 1542 Epicrates
742 1488 908 1529 certior.
976 1488 1120 1530 Primo
1158 1489 1386 1543 neglegere

51 1546 190 1600 coepit
224 1549 266 1587 et
298 1549 585 1600 contemnere,
625 1547 737 1600 quod
770 1561 898 1588 causa
929 1561 1123 1601 prorsus,
1162 1547 1274 1601 quod
1308 1548 1387 1588 dis-

49 1605 193 1658 putari
231 1608 394 1659 posset,
433 1605 541 1646 nihil
579 1605 779 1646 habebat.
840 1604 1004 1646 Deinde
1041 1621 1136 1647 cum
1168 1606 1218 1646 de
1251 1605 1384 1647 Hera-

50 1664 131 1705 clio
165 1664 378 1718 cogitaret
411 1667 453 1704 et
483 1664 609 1704 istius
643 1664 865 1705 libidinem
896 1667 1061 1717 nosset,
1097 1665 1387 1706 commodissi-

50 1738 166 1763 mum
215 1722 386 1777 putavit
430 1737 521 1763 esse
566 1723 616 1763 de
659 1723 881 1777 provincia
925 1723 1035 1763 clam
1081 1723 1197 1763 abire
1240 1724 1387 1778 itaque

48 1781 168 1835 fecit3
206 1781 423 1835 profectus
463 1784 528 1822 est
558 1781 753 1835 Regium.
816 1780 938 1829 Quod
974 1781 1047 1822 ubi
1086 1781 1275 1822 auditum
1311 1785 1386 1835 est,

49 1843 245 1881 aestuare
276 1840 353 1894 illi,
387 1840 458 1893 qui
488 1840 714 1895 pecuniam
746 1840 960 1893 dederant,
991 1843 1143 1895 putare
1175 1841 1282 1881 nihil
1316 1842 1387 1897 agi

47 1914 174 1954 posse
195 1899 370 1940 absente
390 1898 610 1953 Epicrate,
635 1914 735 1940 nam
756 1898 981 1940 Heraclius
1007 1902 1153 1940 tamen
1180 1900 1386 1953 adfuerat,

49 1973 144 2000 cum
175 1958 314 2012 primo
349 1961 447 1999 sunt
481 1958 570 1999 dati
600 1958 776 2012 iudices,
815 1958 864 1998 de
896 1957 994 2012 hoc,
1033 1958 1122 2012 qui,
1156 1961 1385 2013 antequam

50 2017 213 2058 aditum
238 2017 283 2057 in
308 2017 373 2057 ius
401 2020 524 2070 esset,
557 2020 788 2071 antequam
813 2018 974 2057 mentio
1007 2017 1186 2071 denique
1219 2021 1385 2059 contro-

50 2076 212 2117 versiae
250 2076 365 2117 facta
403 2078 515 2117 esset
553 2076 660 2123 ulla,
705 2076 988 2129 discessisset,
1026 2076 1239 2130 putabant
1276 2077 1384 2118 nihil

50 2135 120 2189 agi
142 2149 279 2189 posse.
324 2134 530 2176 Homines
558 2135 740 2189 Regium
767 2135 1111 2188 proficiscuntur3
1137 2134 1384 2189 Epicratem

50 2194 307 2235 conveniunt
334 2196 376 2234 et
402 2193 711 2247 demonstrant,
736 2194 779 2234 id
807 2193 919 2247 quod
944 2194 1016 2234 ille
1045 2194 1216 2247 sciebat,
1244 2208 1288 2235 se
1311 2194 1383 2236 HS

49 2264 175 2293 LXXX
208 2252 390 2306 dcdisse3
425 2255 582 2307 rogant
614 2267 727 2306 eum,
759 2255 807 2293 ut
839 2252 921 2292 sibi
953 2252 1013 2305 id,
1047 2252 1160 2306 quod
1192 2253 1246 2293 ab
1278 2253 1383 2307 ipsis

51 2311 212 2352 abisset
254 2311 474 2366 pecuniae,
524 2314 659 2365 curet,
710 2311 762 2352 ab
808 2325 899 2352 sese
944 2313 1110 2361 caveat,
1161 2326 1286 2365 quem
1332 2313 1384 2354 ad

51 2370 222 2411 modum
242 2370 358 2424 velit,
385 2370 434 2411 de
460 2370 537 2411 illa
563 2370 800 2411 hereditate
827 2385 922 2412 cum
942 2369 1144 2424 Epicrate
1169 2371 1382 2412 neminem

51 2442 141 2469 esse
168 2431 373 2470 acturum.
422 2429 646 2483 Epicrates
672 2429 866 2470 homines
896 2429 1044 2469 multis
1077 2429 1218 2470 verbis
1252 2430 1305 2471 ab
1339 2445 1382 2472 se

51 2488 162 2528 male.
197 2491 393 2542 acceptos
427 2488 624 2541 dimittit,
662 2488 840 2529 redeunt
870 2487 937 2528 illi
969 2487 1105 2543 Regio
1139 2486 1381 2542 Syracusas,

1413 789 1455 819 54

1414 1380 1457 1411 55

1402 1787 1456 1828 ‘23

1410 2446 1452 2475 56
