1618 2584
389 227 477 262 LIB.
505 228 555 262 ΠΙ
594 227 693 263 CAP.
722 233 859 264 84—86
888 233 1081 263 104-—199.
1324 231 1405 271 351

65 323 201 364 Video
241 338 332 364 esse
369 324 482 365 binis
517 323 600 365 HS.
638 349 693 353 —
733 324 841 373 Quid
880 339 982 380 ergo
1022 339 1046 366 a
1078 339 1145 366 me
1177 325 1258 366 tibi
1289 341 1409 368 num-

66 396 234 423 morum
272 382 364 423 dari
402 385 563 436 potcst,
601 398 696 425 cum
735 386 909 424 senatus
946 383 1028 424 tibi
1066 386 1297 438 quaternos
1336 384 1408 425 HS

66 440 256 481 dederit?
299 465 347 469 -—
390 440 500 489 Quid
537 441 705 496 poscit?
767 442 992 483 Attendite
1031 445 1091 496 et,
1128 457 1205 483 vos
1239 457 1408 497 quaeso,

65 499 241 552 iudices,
280 499 407 540 simul
446 500 709 554 aequitatem
746 502 957 555 praetoris
992 501 1214 542 attendite.
1273 501 1385 549 Qua-
1413 512 1478 542 197

30 561 208 598 sternos
242 556 333 611 HS,
372 573 478 612 quos
518 559 624 599 mihi
660 562 832 600 senatus
866 560 1053 601 decrevit
1085 563 1127 600 et
1159 574 1209 601 ex
1242 560 1408 602 aerario

66 616 197 669 dedit,
237 631 316 671 ego
355 617 524 658 habebo
563 619 606 658 et
642 617 688 658 in
725 618 879 659 cistam
918 619 1176 660 transferam
1212 618 1262 660 de
1294 620 1407 660 fisco.

66 699 119 704 ——
136 674 247 723 Quid
266 677 447 730 postea?
476 676 606 730 quid?
626 700 683 705 ——
702 676 785 717 Pro
809 677 990 731 singulis
1012 678 1178 731 modiis,
1200 692 1305 732 quos
1326 678 1410 718 tibi

64 733 247 788 impero,
285 737 334 775 tu
371 734 477 775 mihi
516 737 692 776 octonos
730 733 803 775 HS
843 736 955 776 dato.
997 761 1045 765 —
1089 735 1180 784 Qua
1212 737 1408 778 ratione?

69 817 118 821 —
155 793 264 841 Quid
297 793 467 846 quaeris
499 793 740 834 rationem?
778 808 865 835 non
896 796 1065 835 tantam
1097 795 1309 836 rationem
1341 809 1409 836 res

0 839 44 905 i¹⁰
64 851 214 905 habet,
260 854 465 905 quantam
509 852 744 893 utilitatem
791 855 919 907 atque
957 853 1173 908 praedam.
1217 878 1274 882 —
1318 853 1409 907 Dic,

0 906 2 914 '
65 910 142 963 dic,
174 910 315 964 inquit
341 911 426 962 ille,
458 911 643 964 planius.
693 910 875 952 Senatus
908 914 951 952 te
983 912 1122 953 voluit
1154 912 1261 953 mihi
1291 927 1410 953 num-

65 983 175 1021 mos,
207 984 275 1010 me
307 969 389 1010 tibi
422 969 684 1010 frumentum
717 970 835 1023 dare,
867 972 915 1011 tu
948 985 1020 1011 eos
1052 985 1270 1024 nummos,
1303 986 1409 1025 quos

64 1028 171 1068 mihi
222 1031 395 1069 senatus
447 1028 547 1069 dare
598 1029 753 1082 voluit,
802 1029 893 1082 ipsc
937 1029 1091 1083 habes,
1142 1045 1166 1070 a
1210 1044 1293 1083 me,
1344 1030 1410 1071 cui

64 1087 260 1141 singulos
318 1087 410 1128 dari
467 1087 664 1128 denarios
721 1088 933 1141 oportuit,
988 1088 1113 1129 binos
1171 1088 1311 1129 aufers
1368 1092 1410 1129 et

13 1156 45 1182 15
64 1145 163 1186 huic
211 1146 394 1199 praedae
446 1161 492 1186 ac
544 1146 773 1200 direptioni
818 1147 951 1187 cellae
993 1161 1150 1188 nomen
1194 1147 1410 1201 imponis?

63 1203 181 1245 Haec
221 1205 366 1245 deerat
402 1204 559 1245 iniuria
598 1207 640 1245 et
671 1205 775 1246 haec
808 1205 1032 1246 calamitas
1067 1206 1310 1246 aratoribus
1343 1208 1386 1246 te
1415 1221 1480 1252 198

64 1265 282 1316 praetore,
321 1278 405 1317 qua
442 1263 620 1316 reliquis
653 1263 839 1304 fortunis
873 1264 1070 1305 omnibus
1104 1266 1410 1305 everterentur.

64 1320 177 1362 Nam
199 1322 299 1376 quid
320 1336 411 1363 esse
432 1322 587 1375 reliqui
609 1324 779 1375 poterat
800 1323 849 1375 ei,
877 1322 949 1376 qui
972 1337 1048 1375 per
1072 1322 1184 1364 hanc
1209 1323 1411 1364 iniuriam

63 1395 151 1421 non
187 1381 314 1421 modo
352 1380 540 1422 fructum
580 1395 749 1422 omnem
788 1381 1026 1435 amitteret,
1070 1381 1144 1422 sed
1181 1381 1313 1422 etiam
1350 1382 1411 1422 iu-

16 1451 46 1476 20
66 1442 354 1480 strumentum
380 1439 559 1480 vendere
586 1440 840 1494 cogeretur?
893 1440 1089 1488 Quonam
1116 1454 1161 1481 se
1192 1441 1410 1481 verteret?

65 1513 115 1539 ex
160 1513 242 1552 quo
279 1498 423 1539 fructu
459 1512 676 1551 nummOS,
721 1513 826 1552 quos
865 1499 947 1539 tibi
985 1499 1125 1553 daret,
1167 1498 1410 1540 inveniret?

63 1556 350 1598 Decumarum
394 1557 565 1598 nomine
606 1560 777 1598 tantum
815 1560 907 1598 erat
946 1557 1158 1610 ablatum,
1204 1560 1410 1611 quantum

63 1616 266 1657 voluntas
292 1616 454 1656 tulerat
468 1615 645 1669 Aproni,
677 1631 754 1670 pro
782 1616 931 1657 alteris
958 1616 1146 1657 decumis
1179 1618 1409 1669 emptoque

64 1674 281 1716 frumento
310 1677 384 1715 aut
414 1674 524 1714 nihil
557 1674 704 1715 datum
738 1677 813 1715 aut
844 1677 1015 1715 tantum
1049 1674 1247 1728 [datum],
1280 1689 1410 1728 quan-

23 1745 45 1770 25
64 1736 156 1775 tum
182 1733 338 1788 reliqui
364 1733 530 1774 scribae
554 1733 758 1787 fecerant,
790 1736 864 1774 aut
895 1733 1011 1774 ultro
1045 1733 1188 1787 etiam,
1219 1733 1263 1774 id
1296 1733 1410 1787 quod

66 1792 290 1846 didicistis,
330 1792 537 1833 ablatum.
598 1791 821 1847 Cogantur
859 1792 989 1833 etiam
1027 1792 1194 1833 nummi
1233 1792 1286 1833 ab
1320 1797 1480 1838 ara-86

15 1903 17 1905 ι
64 1852 186 1893 tore?
220 1865 303 1905 quo
336 1851 480 1904 modo,
514 1865 596 1905 quo
629 1851 737 1903 iure,
771 1865 853 1905 quo
888 1850 1111 1904 exemplo?
1166 1850 1281 1892 Nam
1314 1865 1409 1892 cum

63 1910 228 1952 fructus
280 1910 594 1964 diripiebantur
644 1912 863 1951 aratorum
914 1912 1042 1963 atque
1090 1909 1207 1950 omni
1251 1910 1409 1951 lacera-

64 1970 222 2011 bantur
270 1968 444 2022 iniuria,
493 1968 721 2010 videbatur
763 1969 807 2009 id
857 1968 1033 2022 perdere
1081 1970 1246 2021 arator,
1297 1968 1410 2022 quod

3 2022 47 2073 ⁴0
67 2031 210 2070 aratro
242 2028 335 2082 ipse
368 2027 624 2081 quaesisset,
656 2027 701 2068 in
733 2042 816 2081 quo
850 2027 1135 2081 elaborasset,
1169 2027 1282 2081 quod
1315 2027 1410 2082 agri

3 2086 20 2128 i}
67 2089 317 2143 segetesque
367 2086 640 2140 extulissent3
692 2086 846 2140 quibus
896 2085 1064 2126 iniuriis
1115 2085 1385 2141 gravissimis
1414 2095 1480 2126 199

4 2162 19 2191 ιι
65 2149 212 2188 tamen
247 2145 356 2186 illud
388 2148 482 2186 erat
513 2145 718 2185 miserum
750 2144 976 2198 solacium,
1015 2144 1126 2198 quod
1158 2144 1201 2184 id
1233 2144 1409 2198 perdere

4 2206 20 2248 'c
65 2205 303 2258 videbatur,
335 2204 447 2258 quod
474 2203 559 2244 alio
586 2206 784 2258 praetore
811 2203 959 2244 eodem
986 2217 1036 2244 ex
1069 2216 1174 2258 agro
1206 2217 1408 2257 reparare

7 2275 21 2308 t«
66 2266 224 2319 posset.
272 2262 485 2304 Nummos
510 2277 611 2304 vero
637 2264 686 2303 ut
712 2262 783 2303 det
809 2264 968 2316 ar·at01,
1000 2276 1107 2316 quos
1133 2275 1221 2302 non
1249 2264 1409 2315 exaiat,

8 2316 45 2384 ξεῖ
67 2338 172 2378 quos
208 2336 296 2364 non
333 2324 477 2363 aratro
511 2336 560 2362 ac
591 2336 721 2362 manu
754 2321 938 2374 quaerit,
976 2320 1108 2361 boves
1141 2322 1184 2361 et
1216 2323 1408 2361 aratrum

9 2394 27 2433 e
66 2382 206 2436 ipsum
245 2383 373 2435 atque
410 2395 535 2422 omne
572 2380 907 2421 instrumentum
940 2379 1098 2420 vendat
1127 2393 1299 2420 necesse
1332 2381 1409 2420 est

12 2423 28 2484 l
66 2440 165 2482 Non
184 2440 295 2481 enim
318 2439 482 2481 debetis
503 2439 584 2481 hoc
608 2439 816 2494 cooitare:
843 2438 975 2479 habet
1001 2437 1150 2480 idem
1138 2452 1183 2478 111
1208 2438 1409 2491 nummis,

11 2519 21 2555 *J
