1685 2574
178 750 235 791 24

179 802 222 832 7ss

177 1767 220 1799 77

250 89 307 128 24
603 86 697 121 PRO
725 87 762 123 P.
789 86 1016 128 QUINCTIO
1044 85 1234 122 ORATIO.

250 183 441 225 monium
480 183 585 224 mihi
624 183 826 235 deseruit,
865 196 932 222 me
969 181 1204 234 fraudavit,
1243 197 1267 223 a
1305 197 1371 223 me
1403 183 1587 225 nominis

250 243 358 297 eius,
398 242 510 296 quod
542 241 752 281 infitiatus
786 243 916 293 esset,
949 240 1060 280 diem
1091 240 1262 294 petivit3
1296 255 1374 296 ego
1408 242 1588 295 experiri

248 316 334 342 non
379 301 518 355 potui,
569 299 778 353 latitavit,
828 301 1149 353 procuratorem
1194 300 1359 340 nullum
1404 300 1588 353 reliquit.

248 359 415 400 Horum
442 358 549 399 nihil
577 358 743 398 dicitur,
794 357 1007 398 Parantur
1033 360 1178 410 testes,
1205 358 1277 411 qui
1302 357 1407 399 haec
1434 358 1587 400 dicant.

249 418 422 471 Verum,
450 417 614 471 opinor,
640 415 882 469 viderimus,
909 430 1005 457 cum
1032 415 1227 457 dixerint.
1274 415 1418 457 Unum
1446 419 1588 458 tamen
1607 430 1622 455 5

248 476 330 518 hoc
356 476 566 530 cogitent,
598 475 660 515 ita
693 489 736 515 se
770 489 922 530 graves
955 488 1064 527 esse,
1097 477 1162 527 ut,
1196 474 1231 515 si
1263 476 1487 516 veritatem
1521 490 1589 517 vo-

250 536 340 576 lent
384 534 583 588 retinere,
634 533 894 588 gravitatem
938 533 1106 588 possint
1151 533 1363 586 obtinere3
1415 534 1450 574 si
1495 549 1589 575 eam

248 594 496 648 neglegere,
535 591 614 644 [ita
654 592 767 633 leves
801 592 922 646 sint,]
957 594 1002 633 ut
1037 606 1183 633 omnes
1216 592 1474 647 intellegant
1505 607 1591 634 non

250 651 302 692 ad
329 650 609 692 obtinendum
638 650 917 700 mendacium,
951 651 1023 691 sed
1056 651 1108 692 ad
1140 665 1288 692 verum
1320 651 1589 705 probandum

250 710 554 752 auctoritatem
589 709 800 750 adiuvare.
1609 724 1640 749 ιο

338 768 434 823 Ego
469 768 573 809 haec
612 768 693 809 duo
733 782 909 822 quaero,
947 768 1134 822 primum
1167 782 1251 821 qua
1283 767 1448 809 ratione
1481 767 1590 809 Nae-

249 828 342 869 vius
391 829 638 881 susceptum
682 827 904 881 negotium
948 841 1034 866 non
1078 826 1357 881 transegerit,
1401 826 1481 868 1100
1526 830 1591 868 est

248 901 322 928 cur
354 886 484 938 bona,
524 899 632 939 quae
666 899 714 926 ex
748 885 885 926 edicto
918 885 1185 939 possidebat,
1222 899 1308 926 non
1342 885 1591 939 vendiderit,

249 944 398 985 deinde
426 958 500 985 cur
526 958 575 984 ex
602 946 669 985 tot
695 943 977 985 creditoribus
1006 944 1115 985 alius
1143 943 1195 984 ad
1223 944 1352 985 istam
1379 943 1590 985 rationem

248 1017 372 1044 nemo
414 1002 661 1049 accesserit,
698 1004 746 1042 ut
784 1001 1024 1043 necessario
1059 1003 1287 1044 confiteare
1325 1017 1462 1056 neque
1500 1006 1589 1044 tam
1612 1015 1640 1041 15

248 1061 523 1103 temerarium
575 1075 831 1114 quemquam
880 1060 1027 1114 fuisse,
1077 1075 1212 1114 neque
1261 1063 1302 1102 te
1348 1061 1490 1116 ipsum
1538 1062 1591 1116 id,

250 1120 363 1174 quod
388 1120 637 1174 turpissime
667 1119 937 1174 suscepisses,
969 1134 1244 1174 perseverare
1276 1122 1319 1160 et
1350 1120 1590 1175 transigere

248 1179 451 1233 potuisse.
509 1177 635 1230 Quid,
669 1178 703 1219 si
731 1181 776 1219 tu
806 1178 914 1232 ipse,
947 1176 1040 1220 Sex,
1067 1177 1219 1231 Naevi,
1253 1179 1446 1219 statuisti
1478 1179 1591 1220 bona

247 1237 292 1278 P.
314 1237 483 1285 Quincti
512 1251 560 1278 ex
588 1237 726 1278 edicto
752 1251 951 1291 possessa
976 1251 1062 1277 non
1089 1237 1210 1278 esse?
1262 1236 1435 1291 Opinor,
1467 1240 1591 1279 tuum

248 1295 563 1348 testimonium,
596 1295 708 1349 quod
740 1295 783 1336 in
817 1296 956 1336 aliena
988 1310 1032 1336 re
1065 1296 1156 1336 leve
1190 1299 1320 1348 esset,
1353 1295 1394 1337 id
1426 1296 1470 1337 in
1503 1299 1588 1346 tua,
1607 1309 1637 1334 ρο

249 1355 451 1409 quonian]
473 1356 622 1395 contra
642 1357 684 1395 te
706 1357 782 1404 est,
809 1354 1111 1409 gravissimum
1133 1354 1259 1395 debet
1285 1369 1388 1396 esse.
1431 1353 1591 1396 Emisti

247 1414 361 1454 bona
399 1412 493 1454 Sex.
516 1412 663 1453 Alfeni
695 1412 740 1453 L.
768 1411 888 1453 Sulla
921 1413 1129 1454 dictatore
1162 1413 1390 1467 vendente3
1429 1414 1591 1455 socium

248 1472 328 1513 tibi
354 1471 398 1512 in
430 1471 497 1512 his
530 1471 654 1512 bonis
689 1471 860 1512 edidisti
887 1470 1145 1520 Quinctium.
1202 1471 1334 1513 Plura
1366 1487 1452 1513 non
1485 1473 1589 1514 dico.

248 1529 355 1572 Cum
397 1545 444 1571 eo
478 1532 525 1571 tu
558 1530 848 1571 voluntariam
880 1530 1131 1572 societatem
1163 1531 1327 1584 coibas,
1369 1531 1440 1585 qui
1472 1533 1516 1572 te
1547 1531 1591 1572 in

247 1589 510 1630 hereditaria
554 1588 758 1630 societate
802 1588 1041 1641 fraudarat,
1088 1591 1130 1630 et
1175 1604 1270 1631 eum
1315 1589 1469 1631 iudicio
1514 1592 1588 1632 tuo
1608 1599 1636 1627 2⁵

248 1648 574 1702 comprobabas,
601 1662 727 1701 quem
753 1648 988 1702 spoliatum
1016 1648 1133 1689 fama
1159 1647 1430 1703 fortunisque
1459 1649 1589 1690 omni-

247 1707 327 1747 bus
362 1706 661 1747 arbitrabare?
792 1748 795 1750 .

336 1764 598 1805 Diffidebam
625 1764 878 1818 mehercule,
911 1763 955 1806 O.
977 1764 1137 1819 Aquili,
1170 1765 1275 1806 satis
1303 1765 1445 1806 animo
1473 1768 1588 1807 certo

248 1826 290 1865 et
328 1824 580 1865 confirmato
615 1838 681 1864 me
713 1838 838 1878 posse
871 1823 915 1864 in
946 1823 1028 1864 hac
1060 1838 1189 1865 causa
1221 1824 1465 1865 consistere.
1522 1823 1589 1866 Sic

248 1882 512 1936 cogitabam,
551 1897 646 1923 cum
679 1884 829 1923 contra
861 1882 1051 1923 dicturus
1084 1885 1197 1923 esset
1231 1881 1507 1935 Hortensius,
1547 1885 1636 1924 011311

248 1955 342 1982 cum
390 1955 456 1982 me
495 1943 608 1982 esset
647 1943 811 1981 attente
852 1941 1072 1981 auditurus
1112 1941 1354 1996 Philippus,
1398 1940 1489 1983 fore
1528 1942 1589 1982 uti

247 1999 474 2054 permultis
510 1999 555 2040 in
587 1999 714 2040 rebus
746 1999 901 2040 timore
934 2000 1194 2054 prolaberer.
1251 2000 1458 2041 Dicebam
1491 2001 1588 2042 huic

248 2057 294 2105 Q.
321 2057 490 2108 Roscio,
524 2057 642 2099 cuius
671 2072 791 2099 soror
817 2060 883 2099 est
912 2073 1007 2099 011111
1037 2057 1081 2099 Ρ.
1103 2057 1312 2111 Quinctio,
1346 2073 1440 2099 cum
1468 2075 1492 2100 a
1524 2074 1589 2100 me

246 2118 412 2170 peteret
450 2119 493 2157 et
532 2131 697 2157 summe
735 2117 1027 2169 contenderet,
1066 2119 1113 2157 ut
1145 2117 1433 2171 propinquum
1467 2132 1588 2159 suum

247 2175 530 2229 defenderem,
556 2175 661 2216 mihi
687 2175 938 2230 perdifficile
965 2190 1056 2216 esse
1083 2178 1232 2216 contra
1259 2176 1368 2216 tales
1397 2179 1587 2218 oratores
1606 2187 1634 2213 3⁵
1662 2186 1685 2228 χ]

246 2247 334 2275 11011
353 2234 480 2275 modo
502 2236 671 2275 tantam
692 2249 864 2275 causam
884 2248 1097 2289 perorare,
1122 2233 1194 2274 sed
1216 2234 1389 2276 omnino
1409 2237 1588 2276 verbum

245 2291 385 2336 facere
412 2293 567 2334 conari.
617 2291 725 2334 Cum
753 2293 946 2347 cupidius
972 2292 1166 2338 instaret,
1193 2292 1357 2334 homini
1384 2308 1461 2347 pro
1489 2292 1588 2335 ami-
