1618 2584
343 264 430 297 Lm.
451 262 483 296 V
527 262 629 297 CAP.
650 266 789 297 32—34
815 266 834 304 ξ
860 265 1008 298 84-89.
1265 265 1349 305 461

15 359 141 402 dedit.
209 357 341 399 Stetit
385 359 575 399 soleatus
619 360 794 413 praetor
836 357 986 413 populi
1030 358 1213 399 Romani
1257 374 1350 400 cum

14 418 148 474 pallio
180 431 395 471 purpureo
433 418 660 470 tunicaque
698 416 827 457 talari
863 416 1115 458 muliercula
1152 417 1275 458 nixus
1308 418 1352 458 in

14 477 153 518 litore.
203 475 295 516 Iam
321 475 402 517 1100
430 475 562 516 istum
594 476 754 516 vestitu
781 475 912 516 Siculi
945 475 1142 529 civesque
1169 475 1351 517 Romani

14 534 219 590 permulti
240 548 366 588 saepe
387 533 590 575 viderant.
635 533 923 587 Posteaquam
946 534 1122 588 paulum
1148 538 1352 588 provecta
1379 544 1420 575 87

15 593 164 635 classis
203 595 268 634 est
306 595 348 633 et
379 592 628 646 Pachynum
667 592 816 645 quinto
849 592 915 632 die
948 592 1128 646 denique
1161 593 1352 648 adpulsa,

14 655 171 694 nautae
230 651 366 693 coacti
419 650 532 692 fame
587 650 750 692 radices
806 651 1048 704 palmarum
1105 651 1352 706 agrestium,

16 725 196 765 quarum
232 712 325 750 erat
355 709 399 750 in
431 709 519 749 illis
551 709 674 762 locis,
713 709 838 750 sicuti
870 709 915 749 in
946 723 1105 764 magna
1136 713 1260 764 parte
1293 710 1353 752 Si-

15 769 155 822 ciliae,
194 768 443 821 multitudo,
480 767 744 822 colligebant
777 770 818 808 et
850 768 902 808 iis
935 768 1080 808 miseri
1111 769 1352 823 perditique

16 802 259 879 alebantur3
298 801 547 868 Cleomenes
581 803 742 880 autem,
780 826 852 880 qui
885 826 1068 868 alterum
1102 841 1146 867 se
1173 827 1353 869 Verrem

15 901 110 928 cum
145 885 310 926 luxurie
343 899 390 926 ac
422 885 630 939 nequitia,
668 887 759 925 tum
794 884 924 925 etiam
956 885 1135 939 imperio
1169 889 1353 941 putar,et

15 944 216 986 similiter
252 946 369 985 totos
408 943 496 984 dies
534 943 579 984 in
616 943 742 984 litore
773 944 1051 985 tabernaculo
1084 944 1226 998 posito
1259 960 1354 1000 per-

13 1003 207 1058 potabat.
245 1002 354 1044 Ecce
375 1005 519 1043 autem
539 1005 713 1056 repente
734 1002 851 1043 ebrio
873 1001 1112 1056 Cleomene,
1133 1004 1353 1045 esurienti·
1368 1008 1423 1048 34

13 1061 94 1103 bus
133 1061 286 1102 ceteris
322 1061 547 1102 nuntiatur
585 1061 825 1115 piratarum
863 1075 955 1102 esse
992 1061 1114 1103 navis
1150 1062 1194 1103 in
1226 1066 1354 1117 portu

15 1120 247 1174 Odysseae3
285 1134 385 1160 nam
417 1120 479 1160 ita
510 1120 546 1160 is
579 1120 697 1161 locus
730 1119 993 1173 nominatur3
1028 1122 1178 1161 nostra
1210 1123 1355 1162 autem

15 1179 166 1221 classis
191 1180 285 1219 erat
310 1178 354 1218 in
380 1180 508 1232 portu
534 1177 736 1232 Pachyni.
781 1177 1030 1220 Cleomenes
1059 1181 1214 1232 autem,
1242 1180 1354 1234 quod

16 1240 108 1279 erat
134 1239 337 1278 terrestre
363 1236 623 1291 praesidium
648 1251 735 1277 11011
760 1251 817 1290 10,
851 1237 923 1277 sed
948 1237 1132 1291 nomine,
1164 1238 1354 1292 speravit

14 1296 67 1337 iis
105 1295 334 1347 militibus,
375 1310 480 1348 quos
517 1309 566 1336 cx
600 1309 647 1336 eo
681 1295 774 1336 1000
809 1295 1069 1349 deduxisset,
1108 1297 1277 1350 explere
1311 1312 1353 1338 se

13 1369 239 1396 numerum
279 1356 509 1394 nautarum
548 1356 590 1394 et
627 1354 838 1408 remigum
870 1368 1008 1408 posse.
1069 1354 1257 1409 Reperta
1289 1358 1354 1396 est

16 1414 162 1455 eadem
206 1412 332 1453 istius
376 1412 565 1453 hominis
607 1412 850 1454 avarissimi
887 1412 998 1454 ratio
1036 1413 1080 1453 in
1119 1414 1353 1468 praesidiis,

16 1486 124 1526 quae
155 1472 200 1512 in
232 1471 460 1524 classibus3
497 1486 597 1512 nam
630 1474 752 1512 erant
784 1471 985 1525 perpauci
1017 1471 1189 1525 reliqui,
1226 1473 1355 1514 ceteri

0 1530 192 1579 dimissi.
235 1529 439 1583 Princeps
460 1528 710 1571 Cleomenes
731 1530 774 1570 in
796 1530 1055 1583 quadriremi
1076 1529 1354 1585 Centuripina
1381 1538 1423 1569 88

15 1590 178 1630 malum
205 1588 325 1644 erigi,
356 1589 453 1629 vela
484 1588 588 1642 fieri,
620 1588 808 1642 praecidi
841 1603 1018 1629 ancoras
1051 1589 1280 1643 imperavit
1313 1592 1355 1631 et

16 1648 161 1701 simul,
205 1650 253 1688 ut
292 1661 336 1687 se
374 1647 504 1688 ceteri
542 1649 837 1700 sequerentur,
880 1647 1050 1702 signum
1089 1648 1181 1688 dari
1217 1648 1354 1690 iussit.

14 1706 132 1748 Haec
153 1705 432 1760 Centuripina
451 1705 574 1747 navis
601 1708 692 1746 erat
717 1705 956 1747 incredibili
983 1706 1203 1748 celeritate
1229 1707 1353 1761 velis3

14 1779 115 1806 nam
154 1764 260 1806 scire
295 1764 379 1805 isto
412 1766 611 1818 praetore
642 1779 767 1805 nemo
800 1767 989 1817 poterat,
1029 1765 1129 1819 quid
1162 1780 1353 1820 quaeque

13 1824 136 1865 navis
187 1823 315 1864 remis
359 1822 498 1863 facere
542 1825 706 1877 posset3
757 1822 838 1863 etsi
881 1823 924 1863 in
967 1823 1048 1865 hac
1094 1824 1355 1877 quadriremi

0 1884 193 1937 *propter
218 1882 425 1923 honorem
457 1883 500 1922 et
532 1881 719 1936 gratiam
747 1880 987 1923 Cleomenis
1020 1882 1195 1924 minime
1227 1883 1354 1924 multi

14 1940 199 1996 remiges
227 1943 269 1981 et
294 1940 454 1981 milites
481 1940 668 1981 deerant.
717 1939 928 1981 Evolarat
952 1941 1037 1982 iam
1070 1956 1090 1981 e
1124 1943 1353 1996 conspectu

13 1999 102 2040 fere
151 1999 320 2054 fugiens
371 1998 670 2053 quadriremis,
721 2013 816 2040 cum
866 1999 996 2040 etiam
1046 2002 1139 2041 tum
1188 2003 1354 2041 ceterae

14 2072 146 2099 naves
171 2072 256 2099 uno
288 2057 331 2098 in
366 2057 458 2098 loco
492 2057 791 2098 moliebantur.
841 2057 950 2098 Erat
982 2058 1149 2099 animus
1181 2058 1226 2099 in
1258 2059 1353 2100 reli·
1380 2068 1423 2099 89

15 2116 130 2171 quis3
174 2130 434 2170 quamquam
480 2118 601 2156 erant
641 2116 783 2170 pauci,
828 2131 999 2170 quoquo
1038 2118 1164 2158 modo
1203 2131 1270 2158 res
1310 2132 1354 2158 se

16 2175 221 2229 habebat,
252 2189 445 2230 pugnare
478 2177 623 2215 tamen
655 2189 699 2215 se
733 2174 842 2215 velle
876 2175 1122 2217 clamabant
1155 2178 1208 2230 et,
1241 2176 1354 2230 quod

17 2233 227 2287 reliquum
258 2234 373 2275 vitae
406 2232 645 2286 viriumque
676 2233 812 2274 fames
844 2233 1022 2287 fecerat,
1061 2234 1102 2275 id
1135 2233 1249 2276 ferro
1281 2249 1353 2289 po-

18 2292 232 2333 tissimum
274 2292 448 2333 reddere
492 2292 708 2333 volebant.
777 2290 937 2340 Quodsi
976 2292 1224 2334 Cleomenes
1268 2308 1354 2334 non

19 2352 139 2392 tanto
161 2352 260 2392 ante
285 2350 482 2405 fugisset,
509 2350 653 2404 aliqua
678 2353 825 2391 tamen
851 2351 903 2392 ad
930 2351 1215 2393 resistendum
1242 2351 1353 2393 ratio

21 2408 179 2450 fuisset.
245 2408 353 2450 Erat
397 2409 509 2450 enim
550 2409 643 2450 sola
680 2409 757 2450 illa
793 2409 915 2451 navis
953 2413 1175 2452 constrata
1213 2412 1255 2451 et
1292 2411 1355 2452 ita

22 2482 190 2523 magna,
227 2470 276 2509 ut
311 2468 636 2523 propugnaculo
670 2467 821 2509 ceteris
853 2471 1001 2523 posset
1033 2483 1142 2524 esse,
1176 2483 1283 2523 quae
1317 2470 1353 2510 si
