1618 2584
11 888 42 912 10

11 1182 41 1206 15

10 1475 44 1500 20

12 1769 44 1794 25

13 2063 45 2088 30

13 2356 45 2382 85

431 253 521 288 ΜΒ.
549 253 582 288 ΙΙ
634 253 732 288 CAP.
755 257 844 288 3—5
871 258 890 295 ἓ
917 258 1042 288 τψ-13.
1317 254 1402 295 203

62 349 326 403 consulibus,
360 363 467 402 quae
493 364 580 390 non
609 350 847 404 postulata,
880 349 953 390 sed
985 350 1030 390 in
1060 350 1191 390 istum
1225 349 1403 391 crimina

62 408 306 448 viderentur
348 422 459 461 esse,
504 408 736 449 ediderunt.
797 407 1005 449 Fecerunt
1044 408 1192 461 etiam,
1236 410 1285 448 ut
1324 423 1403 461 me,

61 466 179 507 cuius
223 466 349 506 fidem
389 466 782 520 continentiamque
827 470 1135 521 cognoverant,
1178 481 1312 521 prope
1354 467 1403 507 de

62 525 175 565 vitae
216 539 334 565 meae
374 528 490 566 statu
530 526 676 566 dolore
715 540 762 567 ac
795 526 983 566 lacrimis
1017 526 1103 566 suis
1138 526 1404 578 deducerent,

62 586 109 624 ut
142 597 220 637 ego
253 584 386 624 istum
419 599 675 637 accusarem,
708 599 733 624 a
765 599 848 638 quo
881 599 975 625 mea
1008 584 1258 639 longissime
1290 585 1402 624 ratio

62 641 347 695 voluntasque
369 643 649 695 abhorrebat,
672 657 931 696 quamquam
952 643 996 683 111
1017 643 1096 684 hac
1117 658 1245 684 causa
1265 643 1402 683 multo

60 701 204 755 plures
231 704 378 755 partes
405 701 512 741 mihi
544 701 802 742 defensionis
837 716 965 754 quam
998 702 1281 743 accusationis
1315 716 1403 742 sus-

60 759 222 813 cepisse
265 759 429 812 videor3
472 763 691 814 postremo
731 774 780 799 ex
818 762 913 801 tota
950 761 1171 814 provincia
1209 760 1402 801 homines

59 818 321 858 nobilissimi
370 818 582 872 primique
631 818 801 872 publice
851 819 1140 872 privatimque
1184 822 1404 872 venerunt,

62 877 319 931 gravissima
339 880 468 931 atque
489 877 758 931 amplissima
785 892 976 931 quaeque
1003 878 1155 918 civitas
1181 878 1403 919 veliemen-

61 935 226 976 tissime
261 950 359 976 suas
391 935 570 976 iniurias
603 939 828 989 persecuta
861 941 937 976 est.

1435 770 1470 797 11

150 995 209 1034 At
243 1009 369 1047 quem
403 995 455 1035 ad
485 994 676 1048 modum,
708 994 886 1047 iudices,
919 995 1156 1035 venerunt?
1213 994 1374 1035 Videor
1400 996 1474 1038 (11)

62 1053 175 1094 enim
197 1053 337 1105 [mihi]
360 1054 446 1094 iam
466 1053 643 1094 liberius
665 1053 777 1107 apud
801 1068 878 1094 vos
904 1068 981 1108 pro
1010 1052 1163 1095 Siculis
1191 1053 1309 1107 loqui
1337 1054 1403 1094 de—

62 1112 178 1164 bere,
225 1127 351 1165 quam
396 1112 580 1153 forsitan
617 1112 701 1166 ipsi
738 1112 891 1165 velint3
937 1113 1068 1153 saluti
1107 1113 1220 1153 enim
1258 1112 1402 1165 potius

63 1185 209 1212 eorum
238 1171 458 1212 consulam
486 1186 614 1225 quam
643 1171 871 1211 voluntati.
921 1171 1111 1224 Ecquem
1145 1171 1402 1212 existimatis

61 1244 267 1283 umquam
300 1230 390 1270 ulla
421 1230 465 1270 in
498 1230 720 1283 provincia
752 1244 871 1270 icum
906 1230 1128 1270 absentem
1162 1233 1312 1271 contra
1343 1230 1403 1270 in-

63 1288 338 1342 quisitionem
367 1303 512 1330 accusz¹
507 1289 628 1329 1-10115
657 1288 789 1329 tantis
819 1289 984 1342 opibus,
1018 1291 1141 1329 tanta
1165 1289 1403 1353 cupiditate

63 1362 154 1388 esse
193 1347 442 1388 defensum?
501 1347 758 1395 Quaestores
796 1348 1019 1401 utriusoue
1052 1347 1297 1401 provinciae
1332 1347 1403 1401 qui

62 1406 146 1447 isto
162 1409 359 1461 praetore
374 1406 557 1459 fuerant,
579 1422 673 1447 cum
688 1406 876 1448 fascibus
896 1385 1001 1446 milii
1022 1410 1196 1460 praesto
1218 1406 1311 1446 fuer
1316 1408 1403 1446 unt.

64 1465 142 1505 His
172 1480 301 1519 porro
336 1466 408 1519 qui
441 1469 752 1518 successerunt,
786 1465 1060 1506 vehementer
1092 1465 1217 1506 istius
1251 1465 1404 1518 cupidi,

64 1524 302 1564 liberaliter
339 1539 388 1564 ex
420 1524 545 1564 istius
579 1524 751 1565 cibariis
785 1524 961 1565 tractati
993 1539 1078 1565 non
1110 1524 1251 1565 minus
1286 1538 1403 1564 acres

64 1586 215 1624 contra
234 1597 301 1623 me
322 1582 506 1623 fuerunt.
551 1582 716 1635 Videte,
745 1583 845 1636 quid
872 1583 1072 1636 potuerit,
1101 1583 1172 1636 qui
1201 1585 1405 1636 quattuor

64 1641 107 1681 111
137 1656 221 1682 una
253 1642 472 1695 provincia
504 1644 753 1694 quaestores
787 1641 1126 1682 studiosissimos
1161 1641 1404 1682 defensores

64 1704 492 1754 propugnatoresque
519 1700 731 1754 habuerit,
763 1703 1007 1754 praetorem
1034 1715 1132 1741 vero
1163 1700 1404 1741 cohortem-

66 1773 145 1812 que
173 1762 311 1799 totam
339 1759 398 1800 sic
425 1759 675 1811 studiosam,
707 1762 754 1799 ut
780 1759 906 1800 facile
939 1762 1166 1813 appareret
1195 1774 1281 1800 non
1314 1761 1404 1799 tam

64 1818 152 1858 illis
181 1815 383 1871 Siciliam,
412 1833 539 1872 quam
566 1818 737 1858 inanem
765 1817 1043 1871 offenderant,
1076 1833 1205 1872 quam
1225 1817 1404 1859 Verrem

64 1876 223 1929 ipsum,
256 1876 328 1930 qui
354 1877 506 1931 plenus
540 1876 797 1930 decesserat,
831 1876 1097 1930 provinciam
1129 1876 1274 1917 fuisse.
1329 1875 1406 1916 Mi-

64 1935 158 1976 nari
196 1933 368 1988 Siculis,
410 1935 446 1977 si
488 1935 775 1976 decrevissent
813 1935 1072 1990 legationes,
1111 1950 1218 1989 quae
1257 1937 1406 1976 contra

65 1994 196 2035 istum
235 1994 439 2048 dicerent,
482 1994 653 2048 minari,
692 1994 728 2035 si
767 1994 838 2048 qui
878 1997 1020 2034 essent
1058 1994 1258 2048 profecti,
1297 1994 1405 2043 aliis,

65 2052 101 2094 Si
150 2053 394 2106 laudarent,
445 2053 751 2107 benignissime
803 2053 1074 2106 promittere,
1126 2053 1405 2108 gravissimos

65 2112 331 2165 privatarum
358 2126 502 2152 rerum
532 2114 678 2164 testes,
711 2112 864 2165 quibus
897 2126 974 2152 nos
1008 2112 1306 2165 praesentibus
1340 2111 1405 2151 de-

65 2171 377 2224 nuntiavimus,
410 2185 481 2212 eos
515 2170 557 2211 vi
590 2171 879 2223 custodiisque
913 2171 1109 2211 retinere.

153 2228 269 2277 Quae
308 2244 404 2271 cum
444 2229 587 2270 omnia
624 2229 741 2270 facta
779 2229 882 2281 sint,
922 2231 1067 2269 tamen
1104 2244 1234 2270 unam
1268 2229 1405 2270 solam

66 2288 218 2330 scitote
257 2303 348 2330 esse
388 2288 608 2329 civitatem
640 2287 963 2341 Mamertinam,
1003 2302 1109 2341 quae
1148 2287 1318 2341 publice
1351 2287 1406 2328 le-

66 2349 204 2401 gatos,
232 2347 303 2402 qui
329 2347 460 2388 istum
491 2347 728 2400 laudarent,
761 2346 939 2387 miserit.
989 2345 1094 2387 Eius
1122 2349 1266 2387 autem
1292 2346 1407 2401 lega-

65 2405 194 2446 tionis
244 2406 499 2461 principem,
550 2406 738 2447 civitatis
788 2405 1108 2446 nobilissimum
1158 2405 1311 2459 civem,
1362 2404 1406 2446 C.

64 2463 237 2519 Heium,
269 2465 459 2506 iuratum
492 2464 629 2506 dicere
663 2464 841 2505 audistis
875 2463 948 2505 isti
979 2479 1133 2505 navem
1167 2463 1408 2505 onerariam
