1618 2584
387 222 474 257 LIB.
496 221 527 256 V
574 222 675 256 CAP.
703 226 839 257 53—55
867 226 886 264 ἓ
916 226 1109 258 138—143.
1332 223 1415 264 48],

80 333 230 362 causas
266 317 495 372 requiram.
550 317 736 365 Locutus
770 320 863 358 erat
893 317 1069 358 liberius
1101 317 1152 358 de
1182 318 1307 358 istius
1340 318 1417 359 im-

80 377 298 432 probitate
344 379 472 429 atque
513 376 717 429 nequitia.
779 375 900 424 Quod
938 376 1011 416 isti
1049 375 1228 416 simulac
1266 390 1418 416 renun-

79 436 236 477 tiatum
282 437 366 488 est,
410 434 627 475 hominem
672 434 790 475 iubet
834 434 1086 487 Lilybaeum
1127 434 1418 475 vadimonium

81 493 266 535 Venerio
294 507 416 534 servo
443 493 707 547 promittere.
756 492 996 545 Promittit3
1028 492 1281 546 Lilybaeum
1308 492 1418 532 veni—

44 555 177 593 stur:
226 550 390 606 Cogere
435 566 529 592 eum
574 551 732 605 coepit,
777 566 871 592 cum
916 553 1064 605 ageret
1106 565 1249 603 nemo,
1292 565 1417 591 nemo

80 610 335 664 postularet,
362 610 634 663 sponsionem
661 609 691 661 †
718 609 884 650 milium
909 624 1131 650 nummum
1156 609 1296 650 facere
1323 624 1414 650 cum

80 669 231 710 lictore
253 682 341 720 suo,
368 667 427 708 N1
448 679 611 709 FURTIS
636 678 880 716 QUAESTUM
907 679 1129 709 FACERET.
1178 668 1417 721 Recupera-

79 730 195 767 tores
235 740 280 767 se
318 726 368 767 de
407 726 582 767 cohorte
620 739 697 767 sua
734 726 903 767 dicebat
937 726 1149 767 daturum.
1211 724 1418 766 Servilius

80 787 123 826 et
166 799 362 826 recusare
407 787 449 825 et
487 784 721 838 deprecari,
764 798 817 825 ne
855 784 1013 837 iniquis
1050 784 1260 825 iudicibus
1298 784 1416 825 nullo

28 855 60 879 ¹0
80 843 323 884 adversario
344 842 547 883 iudicium
568 843 722 896 capitis
747 842 793 883 in
818 857 862 883 se
888 843 1233 884 constitueretur.
1278 842 1395 884 Haec
1423 853 1487 884 142

79 916 175 943 cum
219 901 403 942 maxime
448 901 713 955 loqueretur,
761 915 834 942 sex
878 901 1051 942 lictores
1097 901 1418 942 circumsistunt

79 959 364 1001 valentissimi
390 962 433 1000 et
465 959 518 1000 ad
550 959 784 1013 pulsandos
816 960 1189 1013 verberandosque
1221 959 1417 1000 homines

79 1018 437 1071 exercitatissimi,
461 1018 642 1060 caedunt
662 1033 879 1059 acerrume
899 1018 1052 1073 virgis3
1080 1018 1259 1072 denique
1280 1017 1419 1071 proxi-

79 1091 172 1117 mus
200 1077 343 1129 lictor,
377 1076 426 1117 de
459 1077 659 1130 quoiam
694 1091 819 1130 saepe
853 1076 956 1130 dixi,
989 1075 1178 1129 Sextius,
1211 1090 1416 1117 converso

26 1146 59 1172 15
78 1135 236 1176 bacillo
277 1135 422 1176 oculos
460 1135 616 1176 misero
649 1135 826 1176 tundere
858 1135 1233 1176 vehementissime
1266 1134 1417 1188 coepit.

77 1193 230 1247 Itaque
277 1194 369 1247 ille,
419 1208 515 1234 cum
559 1194 750 1247 sanguis
780 1208 826 1235 os
872 1194 1102 1247 oculosque
1146 1193 1417 1246 complesset,

39 1258 43 1262 '
78 1252 280 1306 concidit,
325 1267 419 1293 cum
463 1252 529 1292 illi
571 1252 707 1293 nihilo
752 1252 891 1292 minus
936 1252 1095 1293 iacenti
1139 1252 1277 1291 latera
1320 1254 1417 1291 tun-

79 1310 243 1363 derent,
287 1313 335 1351 ut
379 1310 609 1363 aliquando
654 1310 861 1364 spondere
906 1324 950 1350 se
995 1310 1164 1349 diceret.
1233 1308 1302 1350 Sic
1342 1309 1417 1350 ille

79 1368 261 1409 affectus
315 1368 426 1409 illim
478 1372 571 1409 tum
623 1383 701 1423 pro
754 1371 923 1409 mortuo
974 1368 1171 1408 sublatus
1218 1367 1417 1421 perbrevi

24 1439 59 1464 20
78 1430 229 1481 postea
267 1429 333 1467 est
370 1429 574 1468 mortuos.
635 1426 723 1467 Iste
763 1430 905 1467 autem
942 1426 1071 1466 homo
1099 1425 1308 1466 Venerius
1348 1426 1417 1466 ad·
1466 1421 1471 1425 ”

77 1486 213 1526 fluens
259 1485 375 1526 omni
419 1486 563 1539 lepore
609 1500 657 1526 ac
700 1486 926 1525 venustate
967 1484 1016 1524 de
1055 1483 1179 1524 bonis
1217 1484 1336 1524 illius
1373 1484 1417 1524 in

79 1540 180 1584 a'ede
202 1542 381 1584 Veneris
409 1546 658 1597 argenteum
688 1542 939 1595 Cupidinem
972 1541 1128 1595 posuit.
1184 1540 1253 1583 Sic
1285 1542 1416 1583 etiam

76 1602 262 1642 fortunis
298 1602 520 1642 hominum
554 1601 813 1642 abutebatur
845 1600 898 1640 ad
929 1603 1139 1641 nocturna
1171 1603 1272 1641 vota
1304 1601 1417 1655 cupi—

78 1660 263 1701 ditatum
296 1674 480 1700 suarum.

24 1728 58 1754 25
164 1718 276 1759 Nam
304 1718 404 1771 quid
432 1732 509 1771 ego
538 1717 587 1757 de
614 1716 766 1757 ceteris
792 1716 947 1758 civium
974 1716 1268 1758 Romanorum
1296 1731 1391 1771 sup·
1420 1695 1486 1775 154}

22 1789 30 1794 ·
77 1776 218 1830 pliciis
258 1776 514 1830 singillatim
553 1775 698 1829 potius
732 1790 859 1828 quam
893 1776 1131 1830 generatim
1164 1778 1293 1829 atque
1325 1776 1415 1816 uni-

76 1849 197 1875 verse
241 1834 422 1888 loquar?
490 1832 644 1874 Carcer
687 1834 780 1886 ille,
825 1834 896 1886 qui
941 1836 1007 1874 est
1050 1849 1075 1875 a
1118 1834 1414 1875 crudelissimo

76 1896 260 1946 tyranno
306 1892 512 1945 Dionysio
557 1891 696 1932 factus
741 1890 979 1945 Syracusis,
1028 1907 1135 1946 quae
1179 1893 1415 1933 lautumiae

75 1954 295 2002 vocantur,
327 1950 371 1990 in
403 1950 528 1990 istius
560 1950 741 2003 imperio
775 1950 1038 1992 domicilium
1071 1950 1226 1992 civium
1260 1951 1415 1992 Roma-

23 2020 56 2044 30
74 2013 229 2049 nor'um
273 2008 366 2049 fuit.
434 2007 495 2049 Ut
540 2008 719 2061 quisque
761 2008 887 2049 istius
926 2009 1115 2050 animum
1156 2013 1230 2050 aut
1268 2010 1414 2050 oculos

75 2067 329 2119 offenderat,
376 2066 420 2106 in
464 2066 697 2107 lautumias
743 2067 892 2107 statim
937 2067 1239 2108 coniciebatur.
1303 2067 1414 2108 Indi-

75 2139 208 2179 gnum
246 2125 327 2166 1100
365 2124 488 2166 video
527 2125 663 2165 videri
701 2125 917 2179 omnibus,
954 2126 1130 2179 iudices,
1168 2129 1210 2166 et
1247 2126 1290 2166 id
1327 2126 1413 2166 iam

73 2183 218 2237 priore
263 2183 448 2236 actione,
493 2198 589 2224 cum
632 2183 738 2224 haec
781 2186 913 2224 testes
959 2184 1164 2237 dicerent,
1208 2184 1413 2225 intellexi.

72 2241 269 2282 Retineri
319 2242 429 2282 enim
478 2241 642 2295 putatis
688 2246 886 2295 oportere
931 2242 1023 2283 iura
1068 2242 1283 2283 libertatis
1327 2257 1414 2283 non

28 2309 52 2335 ³5
73 2300 199 2340 modo
238 2300 326 2353 hic,
364 2300 438 2340 ubi
475 2300 638 2340 tribuni
676 2301 813 2353 plebis
854 2303 969 2353 sunt,
1008 2301 1081 2341 ubi
1116 2301 1245 2342 ceteri
1278 2301 1413 2355 magi-

73 2360 255 2411 stratus,
299 2358 372 2399 ubi
416 2358 557 2399 forum
601 2359 775 2412 plenum
813 2359 1083 2412 iudiciorum,
1127 2359 1201 2399 ubi
1240 2363 1413 2400 senatus

71 2416 321 2470 auctoritas,
347 2417 422 2457 ubi
442 2417 705 2458 existimatio
726 2417 874 2472 populi
894 2417 1079 2459 Romani
1099 2420 1141 2458 et
1161 2418 1413 2472 frequentia,

141 2490 210 2516 010.
230 2491 271 2516 11.
292 2493 315 2516 1.
1083 2490 1125 2520 31
