1618 2584
395 233 482 269 LIB.
505 234 556 269 111
596 233 698 269 CAP.
726 238 864 269 63—65
891 238 909 277 ξ
938 238 1132 268 148-1523.
1350 235 1432 275 331

94 345 149 383 es,
181 343 338 385 magno
364 332 408 371 te
436 330 634 372 decumas
661 330 913 384 vendidisse,
945 330 1061 385 plebi
1087 330 1306 371 Romanae
1340 345 1435 370 con-

94 389 287 442 suluisse,
321 403 514 430 annonae
541 390 825 444 prospexisse.
881 389 982 430 Non
1006 391 1152 444 potest
1183 388 1264 430 hoc
1297 388 1434 429 dicere

92 448 140 501 is,
173 447 245 501 qui
270 462 428 503 negare
454 463 541 490 non
566 451 712 503 potest
744 463 788 490 se
820 449 946 489 unius
980 448 1074 503 agri
1106 448 1305 489 decumas
1337 460 1435 488 xxx

92 507 266 548 milibus
305 507 490 548 modium
533 507 730 561 minoris,
769 522 896 561 quam
934 507 1143 561 potuerit,
1181 506 1434 559 vendidisse,

57 568 158 619 5ut,
197 565 368 606 etiamsi
405 566 487 606 tibi
525 566 606 607 hoc
645 566 890 620 concedam,
928 565 1114 607 Minucio
1146 567 1189 606 te
1220 565 1316 606 ideo
1347 579 1434 606 non

91 624 336 677 tradidisse,
376 624 488 678 quod
526 625 612 666 iam
653 625 887 665 addixisses
914 624 1108 679 Apronio
1143 622 1283 679 (aiunt
1320 624 1434 664 enim

91 686 134 724 te
177 683 240 723 ita
285 683 500 737 dictitare,
547 684 660 737 quod
705 697 783 738 ego
830 687 1004 737 expecto
1044 683 1254 737 cupioque
1291 685 1334 723 te
1373 682 1435 723 ita-

90 741 198 783 illud
226 741 468 797 defendere)
495 766 550 770 —
577 757 725 783 verum
751 744 799 782 ut
825 742 888 782 ita
915 742 983 795 sit,
1016 745 1163 782 tamen
1192 756 1279 783 non
1310 744 1433 796 potes

90 801 171 842 hoc
216 801 337 854 quasi
378 801 648 855 praeclarum
688 801 848 855 aliquid
887 801 1150 855 praedicare,
1195 815 1352 856 magno
1392 803 1434 840 te

39 871 71 896 10
92 859 289 900 decumas
333 860 590 913 vendidisse,
635 874 730 901 cum
774 860 907 901 fuisse
950 859 1132 913 fateare,
1179 859 1251 913 qui
1295 859 1433 899 multo

91 918 227 973 pluris
260 919 448 959 voluerit
481 933 631 959 emere.

179 977 366 1018 Tenetur
391 977 526 1032 igitur
556 978 659 1030 iam,
691 977 870 1031 iudices,
903 981 945 1019 et
978 978 1207 1018 manifesto
1240 979 1412 1017 tenetur
1439 1004 1505 1033 152

92 1037 285 1090 avaritia,
312 1036 524 1091 cupiditas
548 1036 746 1091 hominis,
773 1037 922 1091 scelus,
948 1037 1218 1091 improbitas,
1246 1034 1433 1076 audacia..

91 1095 229 1145 Quid?
269 1095 305 1136 si
337 1096 459 1148 haec,
496 1110 603 1150 quae
636 1096 746 1149 dico,
778 1096 913 1150 ipsius
947 1096 1073 1137 amici
1106 1095 1435 1148 defensoresque

40 1165 70 1191 15
90 1154 350 1208 iudicarunt,
389 1154 490 1208 quid
527 1155 657 1196 voltis
694 1155 909 1209 amplius?
966 1155 1166 1195 Adventu
1198 1153 1244 1195 L.
1269 1152 1436 1194 Metelli

90 1213 323 1268 praetoris,
362 1228 457 1254 cum
497 1228 644 1254 omnes
681 1213 769 1254 eius
807 1214 984 1255 comites
1017 1213 1099 1254 iste
1133 1213 1216 1254 sibi
1249 1227 1325 1253 suo
1357 1212 1434 1252 illo

90 1271 348 1327 panchresto
393 1272 703 1313 medicamento
750 1272 909 1314 amicos
954 1272 1227 1325 reddidisset,
1271 1271 1435 1312 aditum

91 1334 157 1373 est
200 1331 252 1372 ad
296 1331 537 1385 Metellum3
582 1331 757 1373 eductus
803 1334 867 1372 est
901 1331 1138 1386 Apronius,
1184 1330 1327 1371 eduxit
1370 1329 1436 1370 vir

90 1390 332 1445 primarius,
364 1389 409 1431 C.
430 1389 582 1431 Gallus
610 1393 794 1445 senator,
825 1390 1064 1445 postulavit
1098 1390 1151 1431 ab
1178 1389 1223 1430 L.
1245 1389 1435 1441 Metello,

39 1461 71 1486 20
91 1452 139 1490 ut
178 1464 226 1490 ex
266 1449 403 1490 edicto
443 1463 519 1490 suo
551 1449 754 1491 iudicium
789 1449 909 1490 daret
939 1449 984 1490 in
1010 1449 1267 1503 Apronium,
1302 1449 1434 1498 QUOD

92 1520 179 1549 PER
219 1520 302 1549 VIM
339 1520 430 1549 AUT
468 1520 628 1549 METUM
665 1520 989 1561 ABSTULISSET,
1036 1523 1164 1562 quam
1201 1507 1433 1548 formulam

92 1567 371 1608 Octavianam
411 1570 454 1608 et
484 1567 646 1608 Romae
678 1567 880 1608 Metellus
918 1567 1133 1608 habuerat
1171 1569 1213 1607 et
1245 1566 1436 1606 habebat

91 1626 136 1667 in
160 1626 400 1680 provincia,
432 1641 519 1667 non
548 1626 763 1680 impetrat,
797 1641 892 1667 011111
924 1626 1005 1667 1100
1038 1626 1196 1667 diceret
1220 1624 1435 1678 Metellus,

91 1685 402 1739 praeiudicium
429 1699 474 1726 se
509 1685 559 1726 de
592 1685 732 1739 capite
766 1684 809 1726 C.
830 1684 979 1725 Verris
1012 1699 1088 1739 per
1120 1684 1201 1725 1100
1233 1684 1435 1725 iudicium

39 1755 72 1780 25
92 1744 207 1785 nolle
239 1744 343 1785 fieri.
399 1743 511 1785 Tota
536 1743 703 1785 Metelli
735 1744 888 1785 cohors
920 1744 1144 1785 hominum
1175 1758 1263 1784 non
1294 1743 1435 1798 ingra-

92 1806 235 1844 torum
262 1803 411 1844 aderat
431 1802 645 1857 Aproni03
677 1802 721 1845 C.
743 1802 907 1856 Gallus,
937 1803 1068 1843 homo
1095 1802 1229 1843 vestri
1262 1802 1435 1855 ordinis,

92 1877 117 1903 a
161 1876 236 1903 suo
280 1862 622 1903 familiarissimo
666 1861 712 1903 L.
745 1861 922 1903 Metello
960 1861 1163 1902 iudicium
1208 1875 1258 1902 ex
1296 1861 1434 1902 edicto

1450 951 1505 992 65

90 1935 177 1962 non
219 1923 363 1975 potest
406 1921 650 1974 impetrare.
718 1920 818 1962 Non
858 1920 1123 1975 reprehendo
1169 1919 1506 1973 Metellum3153

91 1979 283 2035 pepercit
326 1980 491 2021 homini
537 1980 672 2021 amico
719 1982 778 2034 et,
824 1994 950 2034 quem
989 1980 1043 2020 ad
1080 1979 1254 2020 modum
1293 1980 1436 2033 ipsum

40 2049 74 2075 30
93 2039 230 2080 dicere
275 2039 432 2091 audivi,
484 2039 747 2093 necessario;
789 2053 876 2079 non
920 2038 1203 2093 reprehendo,
1247 2038 1435 2092 inquam,

91 2097 335 2151 Metellum,
368 2098 441 2138 sed
472 2097 554 2139 hoc
585 2098 736 2151 miror,
770 2112 852 2151 quo
885 2098 1030 2150 modo,
1063 2097 1112 2138 de
1147 2111 1230 2151 quo
1262 2096 1435 2137 homine

91 2156 399 2211 praeiudicium
436 2156 624 2198 noluerit
661 2156 755 2197 fieri
786 2171 862 2211 per
893 2158 1233 2210 recuperatores,
1272 2155 1322 2196 de
1353 2155 1436 2197 hoc

92 2215 183 2270 ipse
227 2230 313 2257 non
356 2216 482 2257 modo
527 2215 848 2270 praeiudicarit,
892 2229 1041 2256 verum
1086 2214 1342 2270 gravissime
1387 2228 1434 2256 ac

91 2274 466 2315 vehementissime
492 2274 704 2316 iudicarit.
758 2274 952 2315 Primum
980 2274 1104 2327 enim,
1137 2273 1174 2314 si
1193 2273 1435 2328 Apronium

40 2343 74 2369 35
94 2333 340 2374 absolutum
378 2333 432 2374 iri
469 2336 662 2388 putaret,
700 2333 807 2374 nihil
846 2335 956 2387 erat,
995 2332 1108 2387 quod
1145 2332 1282 2374 ullum
1317 2347 1435 2387 prae-

92 2391 295 2434 iudicium
338 2395 577 2446 vereretur,
622 2392 789 2446 deinde,
834 2392 871 2433 si
914 2392 1196 2434 condemnato
1239 2392 1434 2446 Apronio

93 2450 363 2493 coniunctam
391 2466 486 2493 cum
514 2466 562 2493 eo
578 2451 726 2493 Verris
753 2465 927 2493 causam
954 2465 1100 2492 omnes
1128 2452 1250 2492 erant
1277 2450 1435 2492 existu-
