<?xml version="1.0" encoding="UTF-8"?>
<!DOCTYPE html PUBLIC "-//W3C//DTD XHTML 1.0 Transitional//EN"
    "http://www.w3.org/TR/xhtml1/DTD/xhtml1-transitional.dtd">
<html xmlns="http://www.w3.org/1999/xhtml" xml:lang="en" lang="en">
 <head>
  <title>
</title>
<meta http-equiv="Content-Type" content="text/html;charset=utf-8" />
  <meta name='ocr-system' content='tesseract 3.04.00' />
  <meta name='ocr-capabilities' content='ocr_page ocr_carea ocr_par ocr_line ocrx_word'/>
</head>
<body>
  <div class='ocr_page' id='page_1' title='image "./p1scriptaquaemanse02ciceuoft_0521.png"; bbox 0 0 1618 2584; ppageno 0'>
   <div class='ocr_carea' id='block_1_1' title="bbox 355 241 1378 285">
    <p class='ocr_par' dir='ltr' id='par_1_1' title="bbox 355 241 1378 285">
     <span class='ocr_line' id='line_1_1' title="bbox 355 241 1378 285; baseline 0.009 -10"><span class='ocrx_word' id='word_1_1' title='bbox 355 241 442 278; x_wconf 69' lang='grc' dir='ltr'>ΜΒ.</span> <span class='ocrx_word' id='word_1_2' title='bbox 470 243 519 277; x_wconf 91' lang='lat' dir='ltr'>1V</span> <span class='ocrx_word' id='word_1_3' title='bbox 565 243 667 278; x_wconf 83' lang='lat' dir='ltr'>CAP.</span> <span class='ocrx_word' id='word_1_4' title='bbox 694 247 750 285; x_wconf 79' lang='lat'>45,</span> <span class='ocrx_word' id='word_1_5' title='bbox 778 247 821 277; x_wconf 81' lang='lat'>46</span> <span class='ocrx_word' id='word_1_6' title='bbox 848 247 867 285; x_wconf 64' lang='lat' dir='ltr'>g</span> <span class='ocrx_word' id='word_1_7' title='bbox 895 247 1067 277; x_wconf 85' lang='lat'>99—103.</span> <span class='ocrx_word' id='word_1_8' title='bbox 1293 243 1378 284; x_wconf 83' lang='lat'>407</span> 
     </span>
    </p>
   </div>
   <div class='ocr_carea' id='block_1_2' title="bbox 0 338 1452 2505">
    <p class='ocr_par' dir='ltr' id='par_1_2' title="bbox 0 338 1452 2505">
     <span class='ocr_line' id='line_1_2' title="bbox 43 338 1380 393; baseline -0.001 -12"><span class='ocrx_word' id='word_1_9' title='bbox 43 354 96 381; x_wconf 85' lang='lat' dir='ltr'>ne</span> <span class='ocrx_word' id='word_1_10' title='bbox 134 338 267 381; x_wconf 88' lang='lat' dir='ltr'>oculis</span> <span class='ocrx_word' id='word_1_11' title='bbox 300 338 470 393; x_wconf 90' lang='lat' dir='ltr'>quidem</span> <span class='ocrx_word' id='word_1_12' title='bbox 503 341 654 392; x_wconf 88' lang='lat' dir='ltr'>captus</span> <span class='ocrx_word' id='word_1_13' title='bbox 685 338 730 380; x_wconf 91' lang='lat' dir='ltr'>in</span> <span class='ocrx_word' id='word_1_14' title='bbox 760 338 871 380; x_wconf 87' lang='lat' dir='ltr'>hanc</span> <span class='ocrx_word' id='word_1_15' title='bbox 903 338 1098 380; x_wconf 84' lang='lat' dir='ltr'>fraudem</span> <span class='ocrx_word' id='word_1_16' title='bbox 1129 341 1221 379; x_wconf 86' lang='lat' dir='ltr'>tam</span> <span class='ocrx_word' id='word_1_17' title='bbox 1253 339 1380 380; x_wconf 87' lang='lat' dir='ltr'>scele-</span> 
     </span>
     <span class='ocr_line' id='line_1_3' title="bbox 0 396 1379 452; baseline -0.001 -13"><span class='ocrx_word' id='word_1_18' title='bbox 0 415 1 444; x_wconf 46' lang='lat' dir='ltr'>l</span> <span class='ocrx_word' id='word_1_19' title='bbox 43 401 182 439; x_wconf 88' lang='lat' dir='ltr'>ratam</span> <span class='ocrx_word' id='word_1_20' title='bbox 220 411 269 439; x_wconf 88' lang='lat' dir='ltr'>ac</span> <span class='ocrx_word' id='word_1_21' title='bbox 305 401 396 438; x_wconf 87' lang='lat' dir='ltr'>tam</span> <span class='ocrx_word' id='word_1_22' title='bbox 430 396 640 438; x_wconf 82' lang='lat' dir='ltr'><strong>nefariam</strong></span> <span class='ocrx_word' id='word_1_23' title='bbox 673 397 885 451; x_wconf 70' lang='lat' dir='ltr'>decidisti,</span> <span class='ocrx_word' id='word_1_24' title='bbox 921 412 1022 439; x_wconf 88' lang='lat' dir='ltr'>nam</span> <span class='ocrx_word' id='word_1_25' title='bbox 1054 396 1097 437; x_wconf 93' lang='lat' dir='ltr'>id</span> <span class='ocrx_word' id='word_1_26' title='bbox 1130 397 1379 452; x_wconf 72' lang='lat' dir='ltr'>concupisti,</span> 
     </span>
     <span class='ocr_line' id='line_1_4' title="bbox 44 455 1380 511; baseline -0.001 -14"><span class='ocrx_word' id='word_1_27' title='bbox 44 456 155 511; x_wconf 90' lang='lat' dir='ltr'>quod</span> <span class='ocrx_word' id='word_1_28' title='bbox 186 471 422 510; x_wconf 83' lang='lat' dir='ltr'>numquam</span> <span class='ocrx_word' id='word_1_29' title='bbox 455 456 641 510; x_wconf 88' lang='lat' dir='ltr'>videras,</span> <span class='ocrx_word' id='word_1_30' title='bbox 677 455 738 509; x_wconf 88' lang='lat' dir='ltr'>id,</span> <span class='ocrx_word' id='word_1_31' title='bbox 775 456 969 510; x_wconf 88' lang='lat' dir='ltr'>inquam,</span> <span class='ocrx_word' id='word_1_32' title='bbox 1003 455 1233 509; x_wconf 88' lang='lat' dir='ltr'>adamasti,</span> <span class='ocrx_word' id='word_1_33' title='bbox 1267 456 1380 510; x_wconf 92' lang='lat' dir='ltr'>quod</span> 
     </span>
     <span class='ocr_line' id='line_1_5' title="bbox 44 514 1380 569; baseline -0.001 -13"><span class='ocrx_word' id='word_1_34' title='bbox 44 517 169 556; x_wconf 85' lang='lat' dir='ltr'>antea</span> <span class='ocrx_word' id='word_1_35' title='bbox 205 529 292 556; x_wconf 89' lang='lat' dir='ltr'>non</span> <span class='ocrx_word' id='word_1_36' title='bbox 330 529 575 569; x_wconf 81' lang='lat' dir='ltr'>aspexeras3</span> <span class='ocrx_word' id='word_1_37' title='bbox 615 514 788 556; x_wconf 88' lang='lat' dir='ltr'>auribus</span> <span class='ocrx_word' id='word_1_38' title='bbox 821 517 868 555; x_wconf 92' lang='lat' dir='ltr'>tu</span> <span class='ocrx_word' id='word_1_39' title='bbox 900 516 1068 555; x_wconf 89' lang='lat' dir='ltr'>tantam</span> <span class='ocrx_word' id='word_1_40' title='bbox 1101 514 1380 569; x_wconf 74' lang='lat' dir='ltr'>cupiditatem</span> 
     </span>
     <span class='ocr_line' id='line_1_6' title="bbox 8 573 1380 629; baseline 0 -16"><span class='ocrx_word' id='word_1_41' title='bbox 8 585 25 612; x_wconf 82' lang='lat'><strong>5</strong></span> <span class='ocrx_word' id='word_1_42' title='bbox 43 573 288 627; x_wconf 79' lang='lat' dir='ltr'>concepisti,</span> <span class='ocrx_word' id='word_1_43' title='bbox 313 576 361 615; x_wconf 93' lang='lat' dir='ltr'>ut</span> <span class='ocrx_word' id='word_1_44' title='bbox 381 587 475 615; x_wconf 93' lang='lat' dir='ltr'>eam</span> <span class='ocrx_word' id='word_1_45' title='bbox 500 587 587 614; x_wconf 89' lang='lat' dir='ltr'>non</span> <span class='ocrx_word' id='word_1_46' title='bbox 613 575 764 626; x_wconf 86' lang='lat' dir='ltr'>metus,</span> <span class='ocrx_word' id='word_1_47' title='bbox 789 587 875 614; x_wconf 88' lang='lat' dir='ltr'>non</span> <span class='ocrx_word' id='word_1_48' title='bbox 901 573 1067 629; x_wconf 88' lang='lat' dir='ltr'>religio,</span> <span class='ocrx_word' id='word_1_49' title='bbox 1091 587 1178 614; x_wconf 90' lang='lat' dir='ltr'>non</span> <span class='ocrx_word' id='word_1_50' title='bbox 1204 573 1380 614; x_wconf 88' lang='lat' dir='ltr'>deorum</span> 
     </span>
     <span class='ocr_line' id='line_1_7' title="bbox 41 631 1449 685; baseline -0.001 -12"><span class='ocrx_word' id='word_1_51' title='bbox 41 632 123 685; x_wconf 77' lang='lat' dir='ltr'>vis,</span> <span class='ocrx_word' id='word_1_52' title='bbox 143 646 229 673; x_wconf 91' lang='lat' dir='ltr'>non</span> <span class='ocrx_word' id='word_1_53' title='bbox 249 632 472 673; x_wconf 88' lang='lat' dir='ltr'>hominum</span> <span class='ocrx_word' id='word_1_54' title='bbox 498 631 760 672; x_wconf 82' lang='lat' dir='ltr'>existimatio</span> <span class='ocrx_word' id='word_1_55' title='bbox 787 632 1036 673; x_wconf 87' lang='lat' dir='ltr'>contineret.</span> <span class='ocrx_word' id='word_1_56' title='bbox 1080 631 1141 673; x_wconf 91' lang='lat' dir='ltr'>At</span> <span class='ocrx_word' id='word_1_57' title='bbox 1166 646 1217 673; x_wconf 85' lang='lat' dir='ltr'>ex</span> <span class='ocrx_word' id='word_1_58' title='bbox 1242 632 1355 673; x_wconf 90' lang='lat' dir='ltr'>bono</span> <span class='ocrx_word' id='word_1_59' title='bbox 1386 639 1449 670; x_wconf 75' lang='lat'>102</span> 
     </span>
     <span class='ocr_line' id='line_1_8' title="bbox 41 690 1381 744; baseline 0 -13"><span class='ocrx_word' id='word_1_60' title='bbox 41 690 152 744; x_wconf 90' lang='lat' dir='ltr'>viro,</span> <span class='ocrx_word' id='word_1_61' title='bbox 192 691 334 744; x_wconf 90' lang='lat' dir='ltr'>credo,</span> <span class='ocrx_word' id='word_1_62' title='bbox 367 690 562 732; x_wconf 86' lang='lat' dir='ltr'>audieras</span> <span class='ocrx_word' id='word_1_63' title='bbox 596 692 639 731; x_wconf 90' lang='lat' dir='ltr'>et</span> <span class='ocrx_word' id='word_1_64' title='bbox 670 690 783 732; x_wconf 93' lang='lat' dir='ltr'>bono</span> <span class='ocrx_word' id='word_1_65' title='bbox 816 694 1002 732; x_wconf 87' lang='lat' dir='ltr'>auctore.</span> <span class='ocrx_word' id='word_1_66' title='bbox 1060 690 1141 739; x_wconf 79' lang='lat' dir='ltr'>Qui</span> <span class='ocrx_word' id='word_1_67' title='bbox 1171 690 1215 731; x_wconf 93' lang='lat' dir='ltr'>id</span> <span class='ocrx_word' id='word_1_68' title='bbox 1246 693 1381 744; x_wconf 88' lang='lat' dir='ltr'>potes,</span> 
     </span>
     <span class='ocr_line' id='line_1_9' title="bbox 42 748 1382 804; baseline 0.001 -15"><span class='ocrx_word' id='word_1_69' title='bbox 42 749 186 803; x_wconf 89' lang='lat' dir='ltr'>quine</span> <span class='ocrx_word' id='word_1_70' title='bbox 213 763 264 790; x_wconf 83' lang='lat' dir='ltr'>ex</span> <span class='ocrx_word' id='word_1_71' title='bbox 289 749 381 790; x_wconf 89' lang='lat' dir='ltr'>viro</span> <span class='ocrx_word' id='word_1_72' title='bbox 409 748 579 803; x_wconf 89' lang='lat' dir='ltr'>quidem</span> <span class='ocrx_word' id='word_1_73' title='bbox 607 748 752 790; x_wconf 87' lang='lat' dir='ltr'>audire</span> <span class='ocrx_word' id='word_1_74' title='bbox 779 749 1001 803; x_wconf 79' lang='lat' dir='ltr'>potueris?</span> <span class='ocrx_word' id='word_1_75' title='bbox 1047 748 1221 790; x_wconf 86' lang='lat' dir='ltr'>Audisti</span> <span class='ocrx_word' id='word_1_76' title='bbox 1247 749 1382 804; x_wconf 88' lang='lat' dir='ltr'>igitur</span> 
     </span>
     <span class='ocr_line' id='line_1_10' title="bbox 42 807 1381 862; baseline 0 -14"><span class='ocrx_word' id='word_1_77' title='bbox 42 822 91 849; x_wconf 84' lang='lat' dir='ltr'>ex</span> <span class='ocrx_word' id='word_1_78' title='bbox 129 807 324 860; x_wconf 92' lang='lat' dir='ltr'>muliere,</span> <span class='ocrx_word' id='word_1_79' title='bbox 364 807 565 861; x_wconf 89' lang='lat' dir='ltr'>quoniam</span> <span class='ocrx_word' id='word_1_80' title='bbox 603 807 646 848; x_wconf 90' lang='lat' dir='ltr'>id</span> <span class='ocrx_word' id='word_1_81' title='bbox 678 807 758 848; x_wconf 82' lang='lat' dir='ltr'>viri</span> <span class='ocrx_word' id='word_1_82' title='bbox 789 822 866 849; x_wconf 86' lang='lat' dir='ltr'>nec</span> <span class='ocrx_word' id='word_1_83' title='bbox 897 807 1054 849; x_wconf 89' lang='lat' dir='ltr'>vidisse</span> <span class='ocrx_word' id='word_1_84' title='bbox 1086 822 1223 862; x_wconf 90' lang='lat' dir='ltr'>neque</span> <span class='ocrx_word' id='word_1_85' title='bbox 1255 821 1381 849; x_wconf 91' lang='lat' dir='ltr'>nosse</span> 
     </span>
     <span class='ocr_line' id='line_1_11' title="bbox 40 865 1382 922; baseline 0 -15"><span class='ocrx_word' id='word_1_86' title='bbox 40 868 253 922; x_wconf 84' lang='lat' dir='ltr'>poterant.</span> <span class='ocrx_word' id='word_1_87' title='bbox 304 865 484 915; x_wconf 83' lang='lat' dir='ltr'>Qualem</span> <span class='ocrx_word' id='word_1_88' title='bbox 510 880 639 920; x_wconf 88' lang='lat' dir='ltr'>porro</span> <span class='ocrx_word' id='word_1_89' title='bbox 664 865 786 907; x_wconf 91' lang='lat' dir='ltr'>illam</span> <span class='ocrx_word' id='word_1_90' title='bbox 812 866 1017 907; x_wconf 86' lang='lat' dir='ltr'>feminam</span> <span class='ocrx_word' id='word_1_91' title='bbox 1042 865 1175 908; x_wconf 85' lang='lat' dir='ltr'>fuisse</span> <span class='ocrx_word' id='word_1_92' title='bbox 1204 866 1382 921; x_wconf 89' lang='lat' dir='ltr'>putatis,</span> 
     </span>
     <span class='ocr_line' id='line_1_12' title="bbox 40 924 1381 979; baseline 0.001 -14"><span class='ocrx_word' id='word_1_93' title='bbox 40 925 217 979; x_wconf 81' lang='lat' dir='ltr'>iudices,</span> <span class='ocrx_word' id='word_1_94' title='bbox 256 939 385 978; x_wconf 91' lang='lat' dir='ltr'>quam</span> <span class='ocrx_word' id='word_1_95' title='bbox 422 924 638 979; x_wconf 90' lang='lat' dir='ltr'>pudicam,</span> <span class='ocrx_word' id='word_1_96' title='bbox 678 939 785 978; x_wconf 89' lang='lat' dir='ltr'>quae</span> <span class='ocrx_word' id='word_1_97' title='bbox 824 939 919 966; x_wconf 91' lang='lat' dir='ltr'>cum</span> <span class='ocrx_word' id='word_1_98' title='bbox 949 924 1083 966; x_wconf 89' lang='lat' dir='ltr'>Verre</span> <span class='ocrx_word' id='word_1_99' title='bbox 1122 925 1381 979; x_wconf 89' lang='lat' dir='ltr'>loqueretur,</span> 
     </span>
     <span class='ocr_line' id='line_1_13' title="bbox 41 983 1378 1039; baseline -0.001 -14"><span class='ocrx_word' id='word_1_100' title='bbox 41 998 168 1038; x_wconf 91' lang='lat' dir='ltr'>quam</span> <span class='ocrx_word' id='word_1_101' title='bbox 218 983 487 1039; x_wconf 84' lang='lat' dir='ltr'>religiosam,</span> <span class='ocrx_word' id='word_1_102' title='bbox 536 997 645 1037; x_wconf 89' lang='lat' dir='ltr'>quae</span> <span class='ocrx_word' id='word_1_103' title='bbox 689 983 866 1024; x_wconf 85' lang='lat' dir='ltr'>sacrarii</span> <span class='ocrx_word' id='word_1_104' title='bbox 911 983 1126 1038; x_wconf 89' lang='lat' dir='ltr'>spoliandi</span> <span class='ocrx_word' id='word_1_105' title='bbox 1168 983 1378 1025; x_wconf 78' lang='lat' dir='ltr'>rationem</span> 
     </span>
     <span class='ocr_line' id='line_1_14' title="bbox 41 1042 1382 1096; baseline -0.001 -12"><span class='ocrx_word' id='word_1_106' title='bbox 41 1042 315 1084; x_wconf 81' lang='lat' dir='ltr'>ostenderet?</span> <span class='ocrx_word' id='word_1_107' title='bbox 388 1042 459 1082; x_wconf 89' lang='lat' dir='ltr'>An</span> <span class='ocrx_word' id='word_1_108' title='bbox 509 1042 718 1094; x_wconf 90' lang='lat' dir='ltr'>[minime]</span> <span class='ocrx_word' id='word_1_109' title='bbox 763 1042 938 1096; x_wconf 87' lang='lat' dir='ltr'>mirum,</span> <span class='ocrx_word' id='word_1_110' title='bbox 990 1056 1096 1096; x_wconf 85' lang='lat' dir='ltr'>quae</span> <span class='ocrx_word' id='word_1_111' title='bbox 1141 1056 1263 1084; x_wconf 87' lang='lat' dir='ltr'>sacra</span> <span class='ocrx_word' id='word_1_112' title='bbox 1306 1057 1382 1096; x_wconf 88' lang='lat' dir='ltr'>per</span> 
     </span>
     <span class='ocr_line' id='line_1_15' title="bbox 42 1100 1383 1155; baseline 0 -13"><span class='ocrx_word' id='word_1_113' title='bbox 42 1115 255 1143; x_wconf 88' lang='lat' dir='ltr'>summam</span> <span class='ocrx_word' id='word_1_114' title='bbox 305 1100 606 1142; x_wconf 85' lang='lat' dir='ltr'>castimoniam</span> <span class='ocrx_word' id='word_1_115' title='bbox 656 1100 846 1142; x_wconf 86' lang='lat' dir='ltr'>virorum</span> <span class='ocrx_word' id='word_1_116' title='bbox 897 1115 945 1142; x_wconf 91' lang='lat' dir='ltr'>ac</span> <span class='ocrx_word' id='word_1_117' title='bbox 991 1100 1219 1142; x_wconf 88' lang='lat' dir='ltr'>mulierum</span> <span class='ocrx_word' id='word_1_118' title='bbox 1262 1101 1383 1155; x_wconf 88' lang='lat' dir='ltr'>fiant,</span> 
     </span>
     <span class='ocr_line' id='line_1_16' title="bbox 11 1159 1381 1215; baseline 0 -14"><span class='ocrx_word' id='word_1_119' title='bbox 11 1170 20 1175; x_wconf 85' lang='lat'>&#39;</span> <span class='ocrx_word' id='word_1_120' title='bbox 41 1160 189 1202; x_wconf 88' lang='lat' dir='ltr'>eadem</span> <span class='ocrx_word' id='word_1_121' title='bbox 227 1173 304 1215; x_wconf 87' lang='lat' dir='ltr'>per</span> <span class='ocrx_word' id='word_1_122' title='bbox 340 1159 466 1200; x_wconf 90' lang='lat' dir='ltr'>istius</span> <span class='ocrx_word' id='word_1_123' title='bbox 505 1162 702 1213; x_wconf 87' lang='lat' dir='ltr'>stuprum</span> <span class='ocrx_word' id='word_1_124' title='bbox 739 1173 787 1200; x_wconf 90' lang='lat' dir='ltr'>ac</span> <span class='ocrx_word' id='word_1_125' title='bbox 819 1159 1033 1213; x_wconf 87' lang='lat' dir='ltr'>flagitium</span> <span class='ocrx_word' id='word_1_126' title='bbox 1066 1174 1158 1200; x_wconf 90' lang='lat' dir='ltr'>esse</span> <span class='ocrx_word' id='word_1_127' title='bbox 1189 1159 1381 1201; x_wconf 79' lang='lat' dir='ltr'>violata?</span> 
     </span>
     <span class='ocr_line' id='line_1_17' title="bbox 131 1217 1452 1273; baseline 0.002 -14"><span class='ocrx_word' id='word_1_128' title='bbox 131 1217 241 1266; x_wconf 86' lang='lat' dir='ltr'>Quid</span> <span class='ocrx_word' id='word_1_129' title='bbox 279 1217 412 1273; x_wconf 81' lang='lat' dir='ltr'>ergo?</span> <span class='ocrx_word' id='word_1_130' title='bbox 455 1217 537 1259; x_wconf 90' lang='lat' dir='ltr'>hoc</span> <span class='ocrx_word' id='word_1_131' title='bbox 577 1218 717 1259; x_wconf 92' lang='lat' dir='ltr'>solum</span> <span class='ocrx_word' id='word_1_132' title='bbox 750 1218 967 1259; x_wconf 88' lang='lat' dir='ltr'>auditione</span> <span class='ocrx_word' id='word_1_133' title='bbox 1001 1221 1198 1272; x_wconf 81' lang='lat' dir='ltr'>expetere</span> <span class='ocrx_word' id='word_1_134' title='bbox 1230 1219 1382 1272; x_wconf 84' lang='lat' dir='ltr'>coepit,</span> <span class='ocrx_word' id='word_1_135' title='bbox 1395 1222 1452 1263; x_wconf 86' lang='lat'>46</span> 
     </span>
     <span class='ocr_line' id='line_1_18' title="bbox 41 1276 1383 1332; baseline -0.001 -13"><span class='ocrx_word' id='word_1_136' title='bbox 41 1292 137 1319; x_wconf 88' lang='lat' dir='ltr'>cum</span> <span class='ocrx_word' id='word_1_137' title='bbox 163 1277 206 1318; x_wconf 89' lang='lat' dir='ltr'>id</span> <span class='ocrx_word' id='word_1_138' title='bbox 232 1277 325 1332; x_wconf 90' lang='lat' dir='ltr'>ipse</span> <span class='ocrx_word' id='word_1_139' title='bbox 356 1290 443 1317; x_wconf 91' lang='lat' dir='ltr'>non</span> <span class='ocrx_word' id='word_1_140' title='bbox 475 1276 682 1317; x_wconf 77' lang='lat' dir='ltr'>vidisset?</span> <span class='ocrx_word' id='word_1_141' title='bbox 738 1276 875 1317; x_wconf 90' lang='lat' dir='ltr'>Immo</span> <span class='ocrx_word' id='word_1_142' title='bbox 907 1291 1008 1317; x_wconf 86' lang='lat' dir='ltr'>vero</span> <span class='ocrx_word' id='word_1_143' title='bbox 1042 1277 1128 1318; x_wconf 87' lang='lat' dir='ltr'>alia</span> <span class='ocrx_word' id='word_1_144' title='bbox 1159 1277 1383 1331; x_wconf 82' lang='lat' dir='ltr'>conplura3</span> 
     </span>
     <span class='ocr_line' id='line_1_19' title="bbox 42 1335 1383 1390; baseline -0.001 -12"><span class='ocrx_word' id='word_1_145' title='bbox 42 1351 91 1378; x_wconf 85' lang='lat' dir='ltr'>ex</span> <span class='ocrx_word' id='word_1_146' title='bbox 119 1336 274 1389; x_wconf 87' lang='lat' dir='ltr'>quibus</span> <span class='ocrx_word' id='word_1_147' title='bbox 300 1335 460 1390; x_wconf 84' lang='lat' dir='ltr'>eligam</span> <span class='ocrx_word' id='word_1_148' title='bbox 487 1335 790 1390; x_wconf 85' lang='lat' dir='ltr'>spoliationem</span> <span class='ocrx_word' id='word_1_149' title='bbox 821 1335 1082 1376; x_wconf 88' lang='lat' dir='ltr'>nobilissimi</span> <span class='ocrx_word' id='word_1_150' title='bbox 1115 1337 1244 1390; x_wconf 87' lang='lat' dir='ltr'>atque</span> <span class='ocrx_word' id='word_1_151' title='bbox 1277 1336 1383 1376; x_wconf 88' lang='lat' dir='ltr'>anti-</span> 
     </span>
     <span class='ocr_line' id='line_1_20' title="bbox 41 1393 1383 1449; baseline 0 -14"><span class='ocrx_word' id='word_1_152' title='bbox 41 1394 239 1449; x_wconf 85' lang='lat' dir='ltr'>quissimi</span> <span class='ocrx_word' id='word_1_153' title='bbox 286 1394 396 1447; x_wconf 84' lang='lat' dir='ltr'>fani,</span> <span class='ocrx_word' id='word_1_154' title='bbox 447 1393 496 1435; x_wconf 80' lang='lat' dir='ltr'>&#39;de</span> <span class='ocrx_word' id='word_1_155' title='bbox 541 1408 625 1448; x_wconf 89' lang='lat' dir='ltr'>qua</span> <span class='ocrx_word' id='word_1_156' title='bbox 667 1394 811 1448; x_wconf 92' lang='lat' dir='ltr'>priore</span> <span class='ocrx_word' id='word_1_157' title='bbox 856 1394 1022 1435; x_wconf 88' lang='lat' dir='ltr'>actione</span> <span class='ocrx_word' id='word_1_158' title='bbox 1066 1396 1200 1435; x_wconf 88' lang='lat' dir='ltr'>testes</span> <span class='ocrx_word' id='word_1_159' title='bbox 1245 1394 1383 1436; x_wconf 87' lang='lat' dir='ltr'>dicere</span> 
     </span>
     <span class='ocr_line' id='line_1_21' title="bbox 42 1451 1383 1508; baseline -0.001 -13"><span class='ocrx_word' id='word_1_160' title='bbox 42 1453 235 1495; x_wconf 85' lang='lat' dir='ltr'>audistis.</span> <span class='ocrx_word' id='word_1_161' title='bbox 284 1451 410 1494; x_wconf 89' lang='lat' dir='ltr'>Nunc</span> <span class='ocrx_word' id='word_1_162' title='bbox 430 1452 578 1494; x_wconf 87' lang='lat' dir='ltr'>eadem</span> <span class='ocrx_word' id='word_1_163' title='bbox 598 1453 686 1505; x_wconf 85' lang='lat' dir='ltr'>illa,</span> <span class='ocrx_word' id='word_1_164' title='bbox 714 1466 883 1507; x_wconf 84' lang='lat' dir='ltr'>quaeso,</span> <span class='ocrx_word' id='word_1_165' title='bbox 910 1453 1053 1494; x_wconf 87' lang='lat' dir='ltr'>audite</span> <span class='ocrx_word' id='word_1_166' title='bbox 1075 1455 1117 1494; x_wconf 88' lang='lat' dir='ltr'>et</span> <span class='ocrx_word' id='word_1_167' title='bbox 1141 1453 1383 1508; x_wconf 82' lang='lat' dir='ltr'>diligenter,</span> 
     </span>
     <span class='ocr_line' id='line_1_22' title="bbox 42 1510 1451 1565; baseline -0.002 -11"><span class='ocrx_word' id='word_1_168' title='bbox 42 1512 152 1554; x_wconf 91' lang='lat' dir='ltr'>sicut</span> <span class='ocrx_word' id='word_1_169' title='bbox 173 1512 310 1553; x_wconf 88' lang='lat' dir='ltr'>adhuc</span> <span class='ocrx_word' id='word_1_170' title='bbox 334 1511 511 1565; x_wconf 88' lang='lat' dir='ltr'>fecistis,</span> <span class='ocrx_word' id='word_1_171' title='bbox 541 1511 762 1552; x_wconf 88' lang='lat' dir='ltr'>attendite.</span> <span class='ocrx_word' id='word_1_172' title='bbox 805 1510 954 1553; x_wconf 86' lang='lat' dir='ltr'>Insula</span> <span class='ocrx_word' id='word_1_173' title='bbox 981 1515 1046 1553; x_wconf 89' lang='lat' dir='ltr'>est</span> <span class='ocrx_word' id='word_1_174' title='bbox 1065 1511 1228 1564; x_wconf 86' lang='lat' dir='ltr'>Melita,</span> <span class='ocrx_word' id='word_1_175' title='bbox 1254 1512 1359 1552; x_wconf 88' lang='lat' dir='ltr'>iudi·</span> <span class='ocrx_word' id='word_1_176' title='bbox 1387 1519 1451 1551; x_wconf 87' lang='grc'>103</span> 
     </span>
     <span class='ocr_line' id='line_1_23' title="bbox 41 1568 1383 1625; baseline -0.001 -12"><span class='ocrx_word' id='word_1_177' title='bbox 41 1585 129 1625; x_wconf 90' lang='lat' dir='ltr'>ces,</span> <span class='ocrx_word' id='word_1_178' title='bbox 168 1570 274 1612; x_wconf 88' lang='lat' dir='ltr'>satis</span> <span class='ocrx_word' id='word_1_179' title='bbox 313 1570 404 1611; x_wconf 90' lang='lat' dir='ltr'>lato</span> <span class='ocrx_word' id='word_1_180' title='bbox 441 1585 465 1611; x_wconf 91' lang='lat' dir='ltr'>a</span> <span class='ocrx_word' id='word_1_181' title='bbox 497 1568 644 1611; x_wconf 85' lang='lat' dir='ltr'>Sicilia</span> <span class='ocrx_word' id='word_1_182' title='bbox 676 1569 785 1611; x_wconf 87' lang='lat' dir='ltr'>mari</span> <span class='ocrx_word' id='word_1_183' title='bbox 816 1570 1142 1625; x_wconf 88' lang='lat' dir='ltr'>periculosoque</span> <span class='ocrx_word' id='word_1_184' title='bbox 1175 1570 1383 1625; x_wconf 88' lang='lat' dir='ltr'>diiuncta;</span> 
     </span>
     <span class='ocr_line' id='line_1_24' title="bbox 40 1628 1382 1684; baseline -0.001 -13"><span class='ocrx_word' id='word_1_185' title='bbox 40 1629 85 1671; x_wconf 92' lang='lat' dir='ltr'>in</span> <span class='ocrx_word' id='word_1_186' title='bbox 129 1644 213 1684; x_wconf 90' lang='lat' dir='ltr'>qua</span> <span class='ocrx_word' id='word_1_187' title='bbox 254 1631 321 1670; x_wconf 92' lang='lat' dir='ltr'>est</span> <span class='ocrx_word' id='word_1_188' title='bbox 358 1628 506 1670; x_wconf 90' lang='lat' dir='ltr'>eodem</span> <span class='ocrx_word' id='word_1_189' title='bbox 543 1628 716 1670; x_wconf 85' lang='lat' dir='ltr'>nomine</span> <span class='ocrx_word' id='word_1_190' title='bbox 756 1628 978 1683; x_wconf 90' lang='lat' dir='ltr'>oppidum,</span> <span class='ocrx_word' id='word_1_191' title='bbox 1024 1643 1106 1683; x_wconf 90' lang='lat' dir='ltr'>quo</span> <span class='ocrx_word' id='word_1_192' title='bbox 1144 1629 1226 1670; x_wconf 83' lang='lat' dir='ltr'>iste</span> <span class='ocrx_word' id='word_1_193' title='bbox 1263 1643 1382 1670; x_wconf 90' lang='lat' dir='ltr'>num-</span> 
     </span>
     <span class='ocr_line' id='line_1_25' title="bbox 42 1687 1382 1742; baseline -0.001 -13"><span class='ocrx_word' id='word_1_194' title='bbox 42 1702 171 1742; x_wconf 89' lang='lat' dir='ltr'>quam</span> <span class='ocrx_word' id='word_1_195' title='bbox 209 1687 407 1740; x_wconf 87' lang='lat' dir='ltr'>accessit,</span> <span class='ocrx_word' id='word_1_196' title='bbox 446 1687 558 1741; x_wconf 89' lang='lat' dir='ltr'>quod</span> <span class='ocrx_word' id='word_1_197' title='bbox 593 1690 739 1728; x_wconf 86' lang='lat' dir='ltr'>tamen</span> <span class='ocrx_word' id='word_1_198' title='bbox 769 1687 844 1728; x_wconf 90' lang='lat' dir='ltr'>isti</span> <span class='ocrx_word' id='word_1_199' title='bbox 875 1687 1111 1728; x_wconf 78' lang='lat' dir='ltr'>textrinum</span> <span class='ocrx_word' id='word_1_200' title='bbox 1142 1702 1218 1742; x_wconf 88' lang='lat' dir='ltr'>per</span> <span class='ocrx_word' id='word_1_201' title='bbox 1250 1688 1382 1729; x_wconf 85' lang='lat' dir='ltr'>trien-</span> 
     </span>
     <span class='ocr_line' id='line_1_26' title="bbox 19 1745 1380 1788; baseline 0 0"><span class='ocrx_word' id='word_1_202' title='bbox 19 1747 161 1788; x_wconf 89' lang='lat' dir='ltr'>·nium</span> <span class='ocrx_word' id='word_1_203' title='bbox 188 1746 242 1787; x_wconf 90' lang='lat' dir='ltr'>ad</span> <span class='ocrx_word' id='word_1_204' title='bbox 268 1745 521 1787; x_wconf 86' lang='lat' dir='ltr'>muliebrem</span> <span class='ocrx_word' id='word_1_205' title='bbox 554 1749 717 1787; x_wconf 88' lang='lat' dir='ltr'>vestem</span> <span class='ocrx_word' id='word_1_206' title='bbox 749 1746 1054 1787; x_wconf 88' lang='lat' dir='ltr'>conficiendam</span> <span class='ocrx_word' id='word_1_207' title='bbox 1085 1746 1180 1787; x_wconf 89' lang='lat' dir='ltr'>fuit.</span> <span class='ocrx_word' id='word_1_208' title='bbox 1230 1746 1298 1788; x_wconf 91' lang='lat' dir='ltr'>Ab</span> <span class='ocrx_word' id='word_1_209' title='bbox 1332 1761 1380 1788; x_wconf 92' lang='lat' dir='ltr'>eo</span> 
     </span>
     <span class='ocr_line' id='line_1_27' title="bbox 42 1804 1381 1860; baseline 0.001 -14"><span class='ocrx_word' id='word_1_210' title='bbox 42 1804 199 1860; x_wconf 89' lang='lat' dir='ltr'>oppido</span> <span class='ocrx_word' id='word_1_211' title='bbox 234 1818 322 1846; x_wconf 90' lang='lat' dir='ltr'>non</span> <span class='ocrx_word' id='word_1_212' title='bbox 352 1804 481 1860; x_wconf 85' lang='lat' dir='ltr'>longe</span> <span class='ocrx_word' id='word_1_213' title='bbox 518 1804 564 1845; x_wconf 91' lang='lat' dir='ltr'>in</span> <span class='ocrx_word' id='word_1_214' title='bbox 594 1805 894 1859; x_wconf 89' lang='lat' dir='ltr'>promunturio</span> <span class='ocrx_word' id='word_1_215' title='bbox 926 1804 1076 1852; x_wconf 83' lang='lat' dir='ltr'>fanum</span> <span class='ocrx_word' id='word_1_216' title='bbox 1108 1807 1174 1846; x_wconf 88' lang='lat' dir='ltr'>est</span> <span class='ocrx_word' id='word_1_217' title='bbox 1205 1804 1381 1847; x_wconf 90' lang='lat' dir='ltr'>Iunonis</span> 
     </span>
     <span class='ocr_line' id='line_1_28' title="bbox 42 1863 1382 1919; baseline 0 -14"><span class='ocrx_word' id='word_1_218' title='bbox 42 1863 284 1918; x_wconf 88' lang='lat' dir='ltr'>antiquum,</span> <span class='ocrx_word' id='word_1_219' title='bbox 323 1863 436 1917; x_wconf 91' lang='lat' dir='ltr'>quod</span> <span class='ocrx_word' id='word_1_220' title='bbox 473 1865 596 1904; x_wconf 89' lang='lat' dir='ltr'>tanta</span> <span class='ocrx_word' id='word_1_221' title='bbox 634 1863 843 1919; x_wconf 87' lang='lat' dir='ltr'>religione</span> <span class='ocrx_word' id='word_1_222' title='bbox 879 1877 1047 1917; x_wconf 87' lang='lat' dir='ltr'>semper</span> <span class='ocrx_word' id='word_1_223' title='bbox 1078 1863 1179 1917; x_wconf 90' lang='lat' dir='ltr'>fuit,</span> <span class='ocrx_word' id='word_1_224' title='bbox 1216 1866 1265 1905; x_wconf 90' lang='lat' dir='ltr'>ut</span> <span class='ocrx_word' id='word_1_225' title='bbox 1294 1878 1382 1905; x_wconf 91' lang='lat' dir='ltr'>non</span> 
     </span>
     <span class='ocr_line' id='line_1_29' title="bbox 41 1920 1382 1976; baseline 0 -13"><span class='ocrx_word' id='word_1_226' title='bbox 41 1922 167 1964; x_wconf 89' lang='lat' dir='ltr'>modo</span> <span class='ocrx_word' id='word_1_227' title='bbox 194 1922 284 1963; x_wconf 87' lang='lat' dir='ltr'>illis</span> <span class='ocrx_word' id='word_1_228' title='bbox 308 1920 480 1963; x_wconf 91' lang='lat' dir='ltr'>Punicis</span> <span class='ocrx_word' id='word_1_229' title='bbox 506 1921 644 1975; x_wconf 89' lang='lat' dir='ltr'>bellis,</span> <span class='ocrx_word' id='word_1_230' title='bbox 678 1936 786 1976; x_wconf 90' lang='lat' dir='ltr'>quae</span> <span class='ocrx_word' id='word_1_231' title='bbox 811 1922 858 1963; x_wconf 89' lang='lat' dir='ltr'>in</span> <span class='ocrx_word' id='word_1_232' title='bbox 882 1921 950 1963; x_wconf 91' lang='lat' dir='ltr'>his</span> <span class='ocrx_word' id='word_1_233' title='bbox 980 1923 1067 1963; x_wconf 86' lang='lat' dir='ltr'>fere</span> <span class='ocrx_word' id='word_1_234' title='bbox 1099 1922 1205 1964; x_wconf 88' lang='lat' dir='ltr'>locis</span> <span class='ocrx_word' id='word_1_235' title='bbox 1237 1923 1382 1964; x_wconf 84' lang='lat' dir='ltr'>navali</span> 
     </span>
     <span class='ocr_line' id='line_1_30' title="bbox 42 1981 1382 2035; baseline 0 -13"><span class='ocrx_word' id='word_1_236' title='bbox 42 1981 165 2035; x_wconf 85' lang='lat' dir='ltr'>copia</span> <span class='ocrx_word' id='word_1_237' title='bbox 202 1982 325 2035; x_wconf 86' lang='lat' dir='ltr'>gesta</span> <span class='ocrx_word' id='word_1_238' title='bbox 360 1982 489 2034; x_wconf 87' lang='lat' dir='ltr'>atque</span> <span class='ocrx_word' id='word_1_239' title='bbox 520 1982 694 2022; x_wconf 86' lang='lat' dir='ltr'>versata</span> <span class='ocrx_word' id='word_1_240' title='bbox 726 1982 843 2034; x_wconf 85' lang='lat' dir='ltr'>sunt,</span> <span class='ocrx_word' id='word_1_241' title='bbox 882 1981 956 2021; x_wconf 91' lang='lat' dir='ltr'>sed</span> <span class='ocrx_word' id='word_1_242' title='bbox 988 1981 1118 2022; x_wconf 91' lang='lat' dir='ltr'>etiam</span> <span class='ocrx_word' id='word_1_243' title='bbox 1150 1981 1231 2023; x_wconf 88' lang='lat' dir='ltr'>hac</span> <span class='ocrx_word' id='word_1_244' title='bbox 1262 1996 1382 2035; x_wconf 86' lang='lat' dir='ltr'>prae-</span> 
     </span>
     <span class='ocr_line' id='line_1_31' title="bbox 43 2038 1382 2094; baseline 0 -13"><span class='ocrx_word' id='word_1_245' title='bbox 43 2039 200 2081; x_wconf 89' lang='lat' dir='ltr'>donum</span> <span class='ocrx_word' id='word_1_246' title='bbox 250 2038 527 2080; x_wconf 89' lang='lat' dir='ltr'>multitudine</span> <span class='ocrx_word' id='word_1_247' title='bbox 577 2053 745 2093; x_wconf 86' lang='lat' dir='ltr'>semper</span> <span class='ocrx_word' id='word_1_248' title='bbox 794 2039 1047 2081; x_wconf 88' lang='lat' dir='ltr'>inviolatum</span> <span class='ocrx_word' id='word_1_249' title='bbox 1101 2042 1382 2094; x_wconf 86' lang='lat' dir='ltr'>sanctumque</span> 
     </span>
     <span class='ocr_line' id='line_1_32' title="bbox 41 2097 1381 2152; baseline 0 -12"><span class='ocrx_word' id='word_1_250' title='bbox 41 2097 182 2140; x_wconf 87' lang='lat' dir='ltr'>fuerit.</span> <span class='ocrx_word' id='word_1_251' title='bbox 234 2097 347 2146; x_wconf 85' lang='lat' dir='ltr'>Quin</span> <span class='ocrx_word' id='word_1_252' title='bbox 373 2097 503 2139; x_wconf 91' lang='lat' dir='ltr'>etiam</span> <span class='ocrx_word' id='word_1_253' title='bbox 529 2097 610 2139; x_wconf 88' lang='lat' dir='ltr'>hoc</span> <span class='ocrx_word' id='word_1_254' title='bbox 637 2097 869 2139; x_wconf 90' lang='lat' dir='ltr'>memoriae</span> <span class='ocrx_word' id='word_1_255' title='bbox 895 2098 1114 2151; x_wconf 90' lang='lat' dir='ltr'>proditum</span> <span class='ocrx_word' id='word_1_256' title='bbox 1142 2101 1219 2152; x_wconf 87' lang='lat' dir='ltr'>est,</span> <span class='ocrx_word' id='word_1_257' title='bbox 1246 2099 1381 2140; x_wconf 88' lang='lat' dir='ltr'>classe</span> 
     </span>
     <span class='ocr_line' id='line_1_33' title="bbox 43 2155 1381 2211; baseline 0 -13"><span class='ocrx_word' id='word_1_258' title='bbox 43 2156 257 2211; x_wconf 88' lang='lat' dir='ltr'>quondam</span> <span class='ocrx_word' id='word_1_259' title='bbox 277 2155 533 2198; x_wconf 89' lang='lat' dir='ltr'>Masinissae</span> <span class='ocrx_word' id='word_1_260' title='bbox 553 2156 669 2211; x_wconf 88' lang='lat' dir='ltr'>regis</span> <span class='ocrx_word' id='word_1_261' title='bbox 690 2156 742 2197; x_wconf 91' lang='lat' dir='ltr'>ad</span> <span class='ocrx_word' id='word_1_262' title='bbox 763 2170 859 2197; x_wconf 86' lang='lat' dir='ltr'>eum</span> <span class='ocrx_word' id='word_1_263' title='bbox 884 2156 1027 2198; x_wconf 90' lang='lat' dir='ltr'>locum</span> <span class='ocrx_word' id='word_1_264' title='bbox 1053 2157 1234 2211; x_wconf 90' lang='lat' dir='ltr'>adpulsa</span> <span class='ocrx_word' id='word_1_265' title='bbox 1259 2172 1381 2211; x_wconf 90' lang='lat' dir='ltr'>prae-</span> 
     </span>
     <span class='ocr_line' id='line_1_34' title="bbox 41 2214 1380 2271; baseline -0.001 -14"><span class='ocrx_word' id='word_1_266' title='bbox 41 2215 200 2258; x_wconf 79' lang='lat' dir='ltr'>fectum</span> <span class='ocrx_word' id='word_1_267' title='bbox 219 2215 387 2271; x_wconf 88' lang='lat' dir='ltr'>regium</span> <span class='ocrx_word' id='word_1_268' title='bbox 408 2215 555 2256; x_wconf 86' lang='lat' dir='ltr'>dentes</span> <span class='ocrx_word' id='word_1_269' title='bbox 582 2215 792 2256; x_wconf 88' lang='lat' dir='ltr'>eburneos</span> <span class='ocrx_word' id='word_1_270' title='bbox 818 2214 1059 2257; x_wconf 88' lang='lat' dir='ltr'>incredibili</span> <span class='ocrx_word' id='word_1_271' title='bbox 1085 2216 1380 2271; x_wconf 87' lang='lat' dir='ltr'>magnitudine</span> 
     </span>
     <span class='ocr_line' id='line_1_35' title="bbox 42 2272 1382 2328; baseline 0 -13"><span class='ocrx_word' id='word_1_272' title='bbox 42 2287 64 2315; x_wconf 89' lang='lat' dir='ltr'>e</span> <span class='ocrx_word' id='word_1_273' title='bbox 91 2273 192 2315; x_wconf 88' lang='lat' dir='ltr'>fano</span> <span class='ocrx_word' id='word_1_274' title='bbox 225 2273 451 2315; x_wconf 87' lang='lat' dir='ltr'>sustulisse</span> <span class='ocrx_word' id='word_1_275' title='bbox 484 2276 527 2314; x_wconf 92' lang='lat' dir='ltr'>et</span> <span class='ocrx_word' id='word_1_276' title='bbox 559 2287 631 2315; x_wconf 93' lang='lat' dir='ltr'>eos</span> <span class='ocrx_word' id='word_1_277' title='bbox 662 2273 708 2314; x_wconf 92' lang='lat' dir='ltr'>in</span> <span class='ocrx_word' id='word_1_278' title='bbox 733 2272 925 2315; x_wconf 84' lang='lat' dir='ltr'>Africam</span> <span class='ocrx_word' id='word_1_279' title='bbox 958 2276 1155 2328; x_wconf 86' lang='lat' dir='ltr'>portasse</span> <span class='ocrx_word' id='word_1_280' title='bbox 1182 2274 1382 2315; x_wconf 84' lang='lat' dir='ltr'>Masinis-</span> 
     </span>
     <span class='ocr_line' id='line_1_36' title="bbox 43 2332 1381 2388; baseline 0.001 -15"><span class='ocrx_word' id='word_1_281' title='bbox 43 2345 198 2387; x_wconf 87' lang='lat' dir='ltr'>saeque</span> <span class='ocrx_word' id='word_1_282' title='bbox 219 2332 411 2374; x_wconf 87' lang='lat' dir='ltr'>donasse.</span> <span class='ocrx_word' id='word_1_283' title='bbox 451 2332 615 2388; x_wconf 87' lang='lat' dir='ltr'>Regem</span> <span class='ocrx_word' id='word_1_284' title='bbox 635 2332 774 2386; x_wconf 90' lang='lat' dir='ltr'>primo</span> <span class='ocrx_word' id='word_1_285' title='bbox 796 2332 1054 2374; x_wconf 89' lang='lat' dir='ltr'>delectatum</span> <span class='ocrx_word' id='word_1_286' title='bbox 1076 2347 1168 2374; x_wconf 93' lang='lat' dir='ltr'>esse</span> <span class='ocrx_word' id='word_1_287' title='bbox 1189 2347 1381 2387; x_wconf 81' lang='lat' dir='ltr'>munere3</span> 
     </span>
     <span class='ocr_line' id='line_1_37' title="bbox 42 2390 1380 2446; baseline 0 -14"><span class='ocrx_word' id='word_1_288' title='bbox 42 2394 152 2446; x_wconf 68' lang='lat' dir='ltr'>post,</span> <span class='ocrx_word' id='word_1_289' title='bbox 183 2391 258 2432; x_wconf 91' lang='lat' dir='ltr'>ubi</span> <span class='ocrx_word' id='word_1_290' title='bbox 285 2390 486 2445; x_wconf 89' lang='lat' dir='ltr'>audisset,</span> <span class='ocrx_word' id='word_1_291' title='bbox 517 2390 628 2432; x_wconf 87' lang='lat' dir='ltr'>unde</span> <span class='ocrx_word' id='word_1_292' title='bbox 655 2392 809 2445; x_wconf 87' lang='lat' dir='ltr'>essent,</span> <span class='ocrx_word' id='word_1_293' title='bbox 842 2391 992 2432; x_wconf 90' lang='lat' dir='ltr'>statim</span> <span class='ocrx_word' id='word_1_294' title='bbox 1018 2394 1158 2433; x_wconf 91' lang='lat' dir='ltr'>certos</span> <span class='ocrx_word' id='word_1_295' title='bbox 1184 2391 1380 2433; x_wconf 90' lang='lat' dir='ltr'>homines</span> 
     </span>
     <span class='ocr_line' id='line_1_38' title="bbox 41 2449 1380 2505; baseline 0.001 -14"><span class='ocrx_word' id='word_1_296' title='bbox 41 2449 86 2490; x_wconf 87' lang='lat' dir='ltr'>in</span> <span class='ocrx_word' id='word_1_297' title='bbox 129 2449 423 2504; x_wconf 87' lang='lat' dir='ltr'>quinqueremi</span> <span class='ocrx_word' id='word_1_298' title='bbox 467 2449 654 2503; x_wconf 88' lang='lat' dir='ltr'>misisse,</span> <span class='ocrx_word' id='word_1_299' title='bbox 699 2449 771 2503; x_wconf 92' lang='lat' dir='ltr'>qui</span> <span class='ocrx_word' id='word_1_300' title='bbox 816 2464 887 2490; x_wconf 93' lang='lat' dir='ltr'>eos</span> <span class='ocrx_word' id='word_1_301' title='bbox 927 2450 1073 2491; x_wconf 87' lang='lat' dir='ltr'>dentes</span> <span class='ocrx_word' id='word_1_302' title='bbox 1111 2453 1380 2505; x_wconf 86' lang='lat' dir='ltr'>reponerent.</span> 
     </span>
    </p>
   </div>
  </div>
 </body>
</html>
