1618 2584
422 29 522 64 CAP.
553 34 689 64 12—14
716 34 734 71 g
760 33 908 64 36—42.
1270 28 1353 69 135

11 125 165 168 iudicio
197 127 240 166 et
271 124 325 165 ab
352 139 424 166 reo
457 126 680 179 pecuniain
713 126 942 180 acciperet,
984 139 1111 178 quam
1143 124 1353 165 iudicibus

13 184 228 236 divideret,
255 186 297 224 et
324 183 377 224 ab
406 188 664 239 accusatore,
690 187 738 225 ut
763 199 882 225 reum
903 183 1217 225 condemnaret.
1261 182 1353 223 Iam
1381 186 1421 216 40

13 257 110 285 vero
150 256 232 295 quo
272 242 398 283 modo
438 257 517 298 ego
556 244 677 284 illam
716 243 876 296 labem,
920 241 1205 297 ignominiam
1243 241 1353 282 cala-

14 301 291 354 mitatemque
324 301 458 342 totius
492 302 653 342 ordinis
686 316 935 356 conquerar,
965 301 1047 342 hoc
1075 301 1236 341 factum
1263 314 1354 340 esse

13 360 57 401 in
85 359 164 400 hac
197 359 383 410 civitate,
416 375 511 401 cum
545 361 785 401 senatorius
818 360 921 401 ordo
947 359 1167 412 iudicaret,
1199 362 1247 400 ut
1274 359 1355 399 dis-

14 417 226 460 coloribus
269 418 405 472 signis
436 418 675 459 iuratorum
709 419 932 459 hominum
965 418 1203 459 sententiae
1234 420 1355 458 nota-

13 476 187 518 rentur?
238 476 355 518 Haec
382 477 525 518 omnia
551 491 618 518 me
647 477 877 532 diligenter
903 491 1132 531 severeque
1159 479 1354 518 acturum

14 549 105 576 esse
135 535 353 589 polliceor.

100 593 188 642 Quo
226 609 294 635 me
331 594 504 635 tandem
544 594 685 635 animo
724 594 816 635 fore
854 595 1036 649 putatis,
1082 595 1117 635 si
1166 594 1267 649 quid
1311 594 1423 635 inl—‘l

12 653 93 695 hoe
124 652 214 707 ipso
247 652 403 694 iudicio
437 653 688 695 intellexero
722 653 854 694 simili
887 654 1032 707 aliqua
1063 654 1230 694 ratione
1264 667 1356 694 esse

12 711 220 754 violatum
246 714 375 766 atque
399 712 706 753 commissum?
733 727 829 753 cum
849 712 1026 765 planum
1046 712 1185 753 facere
1207 712 1356 752 multis

12 771 194 812 testibus
227 770 392 825 possim
425 770 469 812 O.
500 770 681 812 Verrem
712 770 758 811 in
790 769 937 811 Sicilia
968 771 1117 811 multis
1152 771 1357 811 audienti-

12 830 92 871 bus
119 844 242 884 saepe
270 830 439 883 dixisse,
471 844 515 870 se
540 830 699 870 habere
724 829 944 870 hominem
971 832 1204 883 potentem,
1238 829 1356 870 cuius

12 888 166 930 fiducia
195 889 460 943 provinciam
493 888 718 943 spoliaret3
750 903 888 942 neque
916 888 998 929 sibi
1025 888 1107 929 soli
1132 888 1356 942 pecuniam

14 961 223 1001 quaerere,
257 948 329 988 sed
361 947 424 988 ita
454 946 689 988 triennium
720 947 828 988 illud
860 950 1087 1001 praeturae
1121 945 1356 987 Siciliensis

13 1006 288 1047 distributum
327 1006 503 1060 habere,
546 1009 595 1047 ut
634 1021 777 1047 secum
815 1006 1035 1060 praeclare
1076 1006 1147 1060 agi
1187 1006 1357 1059 diceret,

12 1065 49 1106 si
96 1065 222 1106 unius
270 1065 371 1105 anni
415 1068 641 1119 quaestum
684 1065 730 1105 in
773 1079 863 1105 rem
909 1068 1031 1105 suam
1076 1066 1357 1117 converteret,

11 1123 196 1165 alterum
215 1124 407 1178 patronis
430 1126 471 1164 et
492 1123 787 1164 defensoribus
807 1123 1010 1176 traderet,
1035 1123 1212 1164 tertium
1233 1123 1357 1163 illum

12 1182 273 1223 uberrimum
288 1182 800 1237 quaestuosissimumque
816 1197 975 1223 annum
990 1185 1131 1223 totum
1145 1182 1356 1222 iudicibus

14 1244 261 1282 reservaret.
308 1241 375 1282 Ex
401 1256 483 1295 quo
510 1241 617 1281 mihi
643 1241 761 1282 venit
786 1241 831 1281 in
856 1244 1045 1281 mentem
1070 1241 1180 1281 illud
1206 1241 1356 1293 dicere,
1383 1249 1422 1280 -11

11 1300 125 1354 quod
163 1300 275 1354 apud
310 1299 378 1341 Μ’.
419 1300 696 1341 Glabrionem
732 1314 868 1353 nuper
906 1314 1001 1341 cum
1040 1299 1085 1340 in
1130 1299 1358 1340 reiciundis

10 1358 220 1400 iudicibus
262 1373 683 1410 commemorassem,
726 1358 922 1399 intellexi
966 1358 1241 1399 vehementer
1286 1372 1358 1412 po-

11 1418 160 1472 pulum
197 1417 440 1459 Romanum
478 1417 755 1471 commoveri,
800 1431 866 1458 me
911 1416 1115 1457 arbitrari
1159 1416 1251 1458 fore
1294 1416 1359 1456 uti

11 1476 208 1518 nationes
235 1480 403 1518 exterae
430 1477 598 1532 legatos
627 1477 680 1517 ad
706 1476 913 1530 populum
939 1475 1184 1516 Romanum
1215 1474 1359 1515 mitte-

12 1538 118 1590 rent,
144 1539 192 1576 ut
218 1535 287 1576 lex
313 1535 361 1576 de
387 1535 576 1590 pecuniis
603 1535 848 1588 repetundis
874 1534 1162 1588 iudiciumque
1188 1534 1359 1575 tollere-

12 1597 100 1649 tur3
140 1594 177 1635 si
214 1594 326 1635 enim
363 1594 520 1635 iudicia
551 1594 672 1634 nulla
704 1594 808 1647 sint,
847 1596 1017 1634 tantum
1049 1607 1182 1634 unum
1216 1607 1359 1646 quem-

12 1667 92 1708 que
131 1653 377 1695 ablaturum
414 1655 586 1708 putant,
627 1655 834 1707 quantum
874 1651 957 1693 sibi
995 1666 1043 1693 ac
1082 1651 1230 1692 liberis
1271 1651 1359 1692 suis

15 1712 118 1754 satis
158 1726 249 1753 esse
289 1712 540 1766 arbitretur3
584 1726 714 1765 nunc,
760 1710 873 1765 quod
911 1710 1000 1751 eius
1046 1710 1162 1753 modi
1204 1710 1360 1751 iudicia

14 1771 115 1825 sint,
160 1773 331 1812 tantum
369 1786 499 1812 unum
540 1785 750 1824 quemque
788 1769 972 1823 auferre,
1017 1772 1226 1823 quantum
1265 1769 1360 1822 sibi,

13 1830 224 1884 patronis,
267 1830 504 1883 advocatis,
542 1829 748 1884 praetori,
785 1828 995 1869 iudicibus
1029 1828 1134 1869 satis
1167 1828 1361 1868 futurum

15 1888 88 1943 sit3
120 1889 201 1930 hoc
226 1888 419 1943 profecto
446 1888 662 1929 infinitum
692 1902 802 1941 esse,
831 1902 874 1928 se
902 1887 1146 1927 avarissimi
1171 1886 1360 1927 hominis

13 1947 238 2002 cupiditati
258 1947 363 1988 satis
391 1947 531 1989 facere
558 1961 695 2001 posse,
722 1946 1016 1987 nocentissimi
1042 1945 1248 1986 victoriae
1274 1959 1362 1986 non

13 2020 149 2060 posse.
194 2006 227 2047 O
255 2005 631 2048 commemoranda
656 2005 813 2046 iudicia
838 2004 1191 2070 praeclaramque
1218 2003 1362 2044 existi·
1386 2005 1430 2036 42

15 2065 247 2106 mationem
289 2065 430 2106 nostri
475 2064 652 2117 ordinis,
697 2078 793 2105 cum
839 2063 943 2104 socii
987 2062 1137 2117 populi
1176 2062 1362 2103 Romani

14 2122 168 2165 iudicia
212 2124 262 2165 de
302 2123 494 2178 pecuniis
538 2122 785 2177 repetundis
831 2121 924 2162 fieii
967 2122 1138 2175 nolunt,
1184 2135 1293 2175 quae
1337 2136 1363 2162 a

14 2182 247 2224 maioribus
291 2182 454 2224 nostiis
500 2182 713 2223 sociorum
764 2194 893 2222 causa
943 2182 1194 2234 compalata
1245 2180 1362 2221 sunt!

14 2239 82 2281 An
117 2240 200 2282 iste
237 2255 442 2295 umquam
482 2241 531 2282 de
570 2255 615 2281 se
654 2240 813 2281 bonam
846 2253 966 2293 spem
997 2238 1239 2290 habuisset,
1280 2238 1363 2279 nisi
