1618 2584
363 216 450 250 LIB.
478 216 527 251 IV
572 216 674 251 CAP.
701 221 838 251 37—39
865 221 882 258 ξ
910 219 1057 251 30-84.
1286 216 1371 257 399

41 312 375 368 pulcherrimum
415 312 685 368 Karthagine
730 315 903 367 captum
946 314 1190 366 reponatur.
1255 311 1371 353 Haec

43 371 119 413 abs
155 373 198 412 te
235 385 321 412 non
353 369 592 412 Siculorum
632 371 845 425 defensor,
881 385 967 411 non
1005 372 1103 411 tuus
1139 372 1372 423 accusator,

42 443 126 470 non
156 427 382 484 Segestani
413 430 650 484 postulant,
682 430 755 471 sed
787 430 835 483 is,
867 430 938 483 qui
970 429 1139 470 laudem
1172 428 1372 483 gloriam-

43 502 122 541 que
159 487 205 529 P.
238 488 431 529 Africani
474 489 675 529 tuendam
719 488 1136 543 conservandamque
1174 487 1372 541 suscepit.

42 545 142 587 Non
171 560 338 600 vereor,
374 561 427 588 ne
458 546 539 588 hoo
571 546 757 588 officium
789 561 929 587 meum
961 546 1007 587 P.
1033 544 1213 587 Servilio
1244 545 1373 586 iudici

42 619 127 646 non
168 605 365 659 probem,
409 605 481 659 qui
521 619 615 646 cum
656 605 970 646 resmaximas
1010 605 1190 660 gesserit
1228 619 1372 645 monu-

42 666 268 717 mentaque
303 678 477 705 suarum
509 678 651 705 rerum
685 666 904 718 gestarum
936 678 1030 705 cum
1062 664 1245 705 maxime
1277 677 1372 704 con-

42 721 196 763 stituat
225 725 352 776 atque
384 722 428 762 in
459 722 511 763 113
544 723 748 775 elaboret,
780 722 972 777 profecto
1004 722 1121 764 volet
1152 723 1256 763 haec
1286 736 1374 763 non

41 780 179 821 solum
207 781 293 821 suis
321 781 516 835 posteris,
548 795 694 822 verum
725 781 853 822 etiam
886 781 1082 822 omnibus
1114 781 1218 821 viris
1250 780 1373 821 forti-

40 839 119 880 bus
158 841 201 880 et
238 838 362 880 bonis
401 839 564 880 civibus
603 839 879 893 defendenda,
916 854 1002 881 non
1040 839 1263 894 spolianda
1297 839 1373 879 im-

40 897 186 952 probis
242 897 422 939 tradere.
496 897 594 939 Non
644 913 809 953 vereor,
863 912 916 939 ne
965 898 1063 952 tibi,
1119 898 1166 946 Q.
1211 897 1373 950 Catule,

42 956 283 1010 displiceat,
321 956 437 998 cuius
471 957 784 1011 amplissimum
817 957 911 998 orbi
942 959 1154 998 terrarum
1187 956 1373 997 clarissi-

41 1029 241 1069 mumque
267 1018 591 1057 monumentum
618 1019 694 1069 est,
727 1031 853 1070 quam
880 1015 1089 1070 plurimos
1116 1029 1208 1056 esse
1236 1017 1373 1056 custo·

41 1074 113 1114 des
158 1077 531 1118 monumentorum
576 1077 617 1116 et
660 1077 812 1129 putare
851 1088 996 1116 omnes
1034 1075 1170 1116 bonos
1209 1074 1372 1115 alienae

13 1132 206 1187 ‘gloriae
265 1132 554 1174 defensionem
614 1133 665 1174 ad
725 1133 911 1176 officium
968 1147 1092 1174 suum
1148 1132 1372 1187 pertinere.

40 1191 250 1245 Equidem
271 1192 422 1233 ceteris
442 1192 568 1233 istius
587 1192 714 1233 furtis
742 1195 869 1245 atque
896 1192 1073 1247 flagitiis
1099 1192 1161 1233 ita
1187 1205 1373 1244 moveor,
1399 1198 1441 1229 83

40 1252 89 1290 ut
125 1264 175 1291 ea
211 1250 558 1304 reprehendenda
594 1253 762 1291 tantum
800 1254 965 1305 putem3
1006 1251 1075 1292 hic
1112 1265 1212 1291 vero
1251 1252 1372 1291 tanto

41 1308 187 1350 dolore
225 1308 416 1363 adficior,
452 1312 500 1350 ut
537 1309 644 1350 nihil
683 1309 789 1349 1111111
820 1309 1055 1363 indignius,
1093 1308 1201 1349 nihil
1233 1308 1372 1363 minus

40 1367 262 1408 ferendum
288 1382 379 1408 esse
411 1367 616 1409 videatur.
672 1368 827 1409 Verres
860 1368 1054 1409 Africani
1086 1367 1372 1409 monumentis

42 1425 214 1467 domum
247 1441 368 1467 suam
400 1427 572 1480 plenam
605 1427 760 1481 stupri,
792 1427 964 1481 plenam
996 1426 1170 1481 flagitii,
1201 1427 1374 1481 plenam

42 1484 257 1525 dedecoris
296 1485 496 1526 ornabit?
551 1484 707 1526 Verres
746 1485 1127 1539 temperantissimi
1160 1485 1374 1526 sanctissi-

40 1543 182 1597 mique
208 1543 290 1584 viri
315 1546 650 1599 monumentum,
682 1544 845 1585 Dianae
872 1544 1149 1585 simulacrum
1181 1544 1374 1599 virginis,

39 1601 85 1643 in
129 1616 178 1643 ea
221 1602 347 1644 domo
391 1603 650 1656 conlocabit,
693 1603 738 1643 in
777 1618 860 1657 qua
897 1617 1065 1658 semper
1102 1602 1372 1644 meretricum

41 1660 326 1714 lenonumque
358 1661 525 1713 flagitia
556 1663 810 1703 versantur?
1389 1693 1444 1735 39

129 1719 190 1761 At
242 1719 324 1761 hoc
379 1720 515 1761 solum
566 1720 761 1762 Africani
816 1723 1138 1762 monumentum
1188 1720 1374 1762 violasti.
1401 1745 1444 1776 84

43 1776 181 1827 Quid?
214 1793 239 1819 a
264 1778 570 1831 Tyndaritanis
595 1793 682 1820 non
713 1780 901 1821 eiusdem
928 1778 1138 1834 Scipionis
1169 1779 1373 1820 beneficio

32 1836 231 1891 positum
257 1836 531 1896 simulacrum
559 1837 742 1879 Mercuri
773 1838 1058 1893 pulcherrime
1091 1838 1254 1879 factum
1288 1852 1375 1878 sus-

42 1895 210 1937 tulisti?
271 1896 332 1936 At
370 1910 494 1950 quem
534 1896 587 1938 ad
623 1897 813 1947 modum,
852 1897 894 1938 di
930 1897 1202 1938 inmortales!
1247 1911 1375 1951 quam

43 1953 254 2006 audacter,
286 1969 413 2008 quam
440 1955 678 2010 libidinose,
711 1970 838 2010 quam
864 1951 1136 2010 inpudenter!
1179 1955 1375 1997 Audistis

21 2027 176 2067 ·nuper
226 2013 362 2054 dicere
412 2013 580 2069 legatos
625 2014 962 2068 Tyndaritanos,
1008 2012 1204 2056 homines
1248 2014 1374 2055 hone-

43 2071 256 2113 stissimos
283 2086 331 2113 ac
359 2072 572 2127 principes
605 2073 805 2127 civitatis,
836 2072 1106 2127 Mercurium,
1138 2073 1210 2128 qui
1242 2072 1374 2114 sacris

42 2130 346 2172 anniversariis
385 2131 496 2185 apud
530 2146 600 2173 eos
634 2146 682 2173 ac
714 2146 880 2173 summa
912 2132 1119 2187 religione
1151 2132 1374 2185 coleretur,

43 2203 167 2243 quem
188 2189 233 2230 P.
253 2189 481 2231 Africanus
502 2189 770 2246 Karthagine
802 2194 928 2245 capta
953 2190 1257 2245 Tyndaritanis
1288 2204 1375 2231 non

42 2247 182 2289 solum
215 2262 315 2290 suae
347 2248 563 2303 victoriae,
597 2226 698 2290 sedD
702 2249 832 2290 etiam
863 2250 1037 2291 illorum
1068 2249 1167 2290 fidei
1199 2249 1374 2291 societa-

42 2305 181 2361 tisque
224 2310 549 2349 monumentum
593 2311 721 2362 atque
761 2308 964 2350 indicium
1003 2308 1204 2363 dedisset,
1247 2307 1373 2349 huius

42 2364 95 2419 vi,
127 2366 322 2408 scelere'
311 2367 576 2421 rmperioque
602 2381 694 2408 esse
722 2367 952 2408 sublatum.
1002 2366 1083 2416 Qui
1108 2370 1156 2408 ut
1188 2367 1373 2421 primum

41 2423 85 2465 in
109 2423 217 2466 illud
243 2425 448 2480 oppidum
476 2427 605 2480 venit,
638 2426 799 2478 statim,
831 2428 1052 2480 tamquam
1077 2426 1139 2467 ita
1164 2426 1256 2467 fieri
1286 2440 1374 2467 non
