1675 2574
433 611 496 659 M.
537 610 726 658 TULLI
764 612 1097 661 CICERONIS

301 720 438 782 PRO
481 721 539 774 P.
585 719 908 787 QUINCTIO
953 720 1222 777 ORATIO.

524 912 1004 957 ARGUMENTUM.

24 1030 25 1034 ,
162 993 210 1029 Μ.
245 993 366 1028 Tullio
398 993 538 1028 Deoula.
570 993 631 1029 Cn.
666 993 835 1028 Cornelio
867 994 1063 1029 Dolabella
1094 1006 1186 1030 coss.
1219 1006 1314 1030 anno
1340 1007 1375 1031 u.
1403 1007 1432 1031 c.

24 1060 25 1066 1
91 1045 158 1076 673
191 1040 241 1075 M.
275 1040 417 1076 Tullius
444 1040 591 1087 Cicero,
631 1052 714 1075 cum
748 1040 827 1085 ipse
863 1052 1000 1075 annum
1036 1042 1254 1076 vicesimum
1290 1043 1434 1078 sextum

91 1088 236 1133 ageret,
268 1098 341 1131 qua
365 1087 410 1122 de
435 1098 474 1122 re
499 1088 541 1122 A.
569 1087 711 1122 Gellius
737 1087 806 1121 XV
832 1092 877 1123 28
909 1088 1087 1123 curiosius
1120 1089 1302 1133 disputat,
1338 1090 1435 1124 hane

26 1152 27 1157 =
90 1134 129 1169 P.
156 1134 306 1176 Quincti
337 1145 501 1178 causam,
537 1145 648 1178 quam
679 1134 902 1178 aliquotiens
935 1136 1046 1169 antea
1075 1135 1124 1169 M.
1151 1136 1278 1170 Iunius
1311 1138 1435 1171 orator

26 1212 27 1223 ,
91 1182 191 1226 apud
223 1181 260 1216 C.
287 1181 477 1225 Aquilium
509 1181 657 1216 Gallum
691 1181 851 1216 iudicem
882 1183 1025 1227 egerat,
1062 1182 1160 1226 apud
1192 1183 1350 1217 eundem
1380 1184 1434 1218 iu-

26 1225 27 1232 ’
90 1229 211 1263 dicem
241 1229 370 1263 contra
395 1227 435 1270 Q.
461 1228 714 1272 Hortensium,
740 1228 803 1272 qui
827 1239 893 1273 pro
922 1228 1002 1263 Sex.
1029 1228 1192 1273 Naevio,
1220 1230 1259 1263 P.
1287 1230 1436 1271 Quincti

91 1275 313 1319 adversario,
340 1275 490 1310 sedente
509 1275 549 1310 L.
569 1275 709 1310 Marcio
729 1275 902 1320 Philippo
924 1275 1082 1319 dicebat,
1109 1276 1209 1311 solus
1234 1277 1433 1321 peroravit.

91 1321 170 1364 Quo
201 1322 338 1357 iudicio
372 1322 443 1357 etsi
467 1322 603 1356 litteris
628 1322 817 1367 proditum
842 1333 917 1357 non
943 1323 1001 1357 est
1024 1324 1150 1357 utrum
1175 1323 1214 1358 P.
1242 1323 1434 1365 Quinctius

27 1367 29 1399 l
91 1369 357 1404 condemnatus
383 1380 431 1403 an
455 1369 646 1404 absolutus
674 1369 732 1413 sit,
759 1371 883 1403 tamen
909 1369 1055 1404 videtur
1074 1369 1122 1404 M.
1144 1370 1287 1405 Tullius
1308 1370 1435 1405 clienti

28 1415 29 1428 ³
91 1427 157 1451 suo
188 1427 262 1450 non
293 1416 371 1450 sine
401 1415 501 1450 iusta
532 1427 643 1450 causa
682 1415 719 1449 in
756 1416 813 1450 ius
851 1416 1000 1460 educto,
1040 1417 1104 1451 secl
1140 1417 1268 1461 iniqua
1310 1419 1435 1452 tamen

28 1460 29 1474 ¹
90 1463 233 1498 ratione
259 1462 349 1497 iuris
375 1473 562 1507 oppresso,
588 1463 773 1507 praesidio
799 1462 924 1507 fuisse,
952 1463 1050 1507 quod
1077 1463 1284 1499 orationem
1301 1466 1436 1509 postea

90 1509 326 1555 conscripsit,
354 1509 601 1554 conscriptam
625 1509 724 1544 foras
751 1509 862 1544 dedit.

209 1675 326 1724 Quae
350 1690 417 1716 res
449 1675 494 1716 in
525 1675 699 1717 civitate
733 1676 838 1717 duae
869 1676 1104 1730 plurimum
1134 1679 1329 1731 possunt,
1362 1692 1435 1719 eae
1463 1666 1484 1746 ξ

30 1754 31 1770 1
91 1737 242 1778 contra
277 1748 356 1776 nos
399 1734 550 1776 ambae
592 1734 757 1776 faciunt
799 1734 844 1775 in
886 1734 968 1775 hoo
1010 1737 1223 1789 tempore,
1267 1750 1437 1778 summa

30 1787 31 1801 ³
92 1794 234 1850 gratia
253 1796 296 1835 et
316 1792 579 1848 eloquentia3
606 1807 788 1847 quarum
811 1793 1007 1846 alteram,
1028 1792 1073 1834 O.
1094 1794 1253 1848 Aquili,
1273 1809 1437 1850 vereor,

92 1853 274 1895 alteram
305 1854 463 1894 metuo.
517 1851 779 1906 Eloquentia
808 1851 855 1900 Q.
880 1851 1089 1893 Hortensi
1118 1867 1172 1893 ne
1204 1867 1272 1894 me
1297 1853 1343 1894 iu
1375 1853 1436 1894 di-

31 1940 32 1945 =
56 1930 72 1955 5
92 1911 223 1954 oendo
243 1911 462 1966 impediat,
480 1924 568 1952 non
586 1910 695 1951 nihil
716 1925 1000 1965 commoveor,
1026 1910 1169 1966 gratia
1189 1909 1281 1952 Sex.
1298 1911 1437 1953 Naevi

30 1966 33 2011 Ῐ
90 1985 143 2012 ne
173 1969 220 2011 P.
252 1969 450 2018 Quinctio
488 1971 658 2023 noceat,
694 1969 738 2010 id
776 1983 876 2011 vero
913 1983 1001 2010 non
1040 1969 1312 2011 mediocriter
1343 1985 1436 2025 per-

32 2070 33 2074 ,
90 2029 281 2070 timesco.
329 2027 480 2082 Neque
508 2027 590 2069 hoe
615 2030 738 2069 tanto
766 2042 892 2082 opere
920 2028 1181 2082 querendum
1207 2028 1436 2084 videretur,
1461 2039 1483 2070 2

4 2079 33 2131 J
90 2088 195 2130 haec
234 2102 402 2129 summa
438 2086 483 2127 in
519 2086 608 2127 illis
647 2101 757 2140 esse,
795 2086 830 2127 si
871 2086 915 2127 in
945 2086 1069 2127 nobis
1104 2089 1247 2128 essent
1279 2088 1436 2129 saltem

32 2141 33 2183 l
92 2146 339 2200 mediocria3
370 2160 519 2187 verum
551 2145 613 2186 ita
645 2159 689 2186 se
721 2159 788 2186 res
820 2145 964 2199 habet,
995 2147 1043 2186 ut
1075 2159 1167 2200 ego,
1200 2146 1273 2200 qui
1298 2161 1436 2202 neque

32 2210 73 2248 10
90 2220 172 2247 usu
203 2205 309 2247 satis
341 2207 384 2245 et
404 2202 587 2260 'ingenio
619 2218 772 2258 parum
803 2218 998 2258 possum,
1033 2218 1129 2245 cum
1160 2207 1343 2259 patrono
1377 2205 1436 2247 di-

32 2265 34 2290 ’ἵ
93 2263 331 2306 sertissimo
370 2277 609 2318 comparer,
653 2262 698 2303 P.
732 2261 972 2317 Quinctius,
1015 2262 1082 2304 eui
1126 2264 1276 2305 tenues
1320 2278 1435 2320 opeS,

162 2338 233 2364 010.
253 2339 293 2364 11.
315 2341 338 2364 1.
1130 2337 1146 2365 1

1673 2321 1675 2325 .
1666 2021 1675 2290 wwurnv——q-—-
1668 1927 1675 2011 ,κς-,Λ
1669 1891 1675 1919 ἡ
1668 692 1675 1881 sumn—an
1670 548 1675 671 mr
1670 525 1675 541 ff
