1685 2574
173 1519 199 1600 σιΝ)

225 100 282 142 34
451 98 544 134 PRO
574 99 673 134 SEX.
700 98 870 134 ROSCIO
898 98 1119 133 AMERINO
1149 98 1341 134 ORATIO.

225 195 289 237 ita
315 209 409 237 sum
436 195 626 250 cupidus,
651 197 700 235 ut
726 194 822 236 aliis
850 209 942 235 eam
969 197 1243 249 praereptam
1263 195 1404 237 velim.
1456 194 1572 244 Quae

227 268 294 295 me
326 253 460 310 igitur
492 267 559 295 res
593 255 765 308 praeter
797 255 960 294 ceteros
992 253 1179 307 impulit,
1210 256 1259 294 ut
1285 268 1460 295 causam
1480 253 1572 296 Sex.

226 312 356 354 Rosci
381 311 642 367 reciperem?
688 310 807 364 Quia,
844 312 879 352 si
909 311 981 365 qui
1007 311 1190 352 istorum
1224 312 1413 365 dixisset,
1448 314 1572 367 [quos

227 371 380 412 videtis
409 371 586 423 adesse,]
620 370 665 410 in
691 370 845 423 quibus
879 384 1045 411 summa
1078 370 1312 412 auctoritas
1345 373 1411 412 est
1443 374 1593 425 atque¹

227 429 483 484 amplitudo,
524 428 561 469 si
591 427 770 470 verbum
802 429 852 469 de
883 443 928 469 re
960 428 1132 482 publica
1163 429 1353 483 fecisset,
1383 429 1427 470 id
1460 430 1606 483 quod5

226 488 271 529 in
309 488 390 530 hac
429 501 557 529 causa
593 486 687 528 fieri
724 501 896 528 necesse
935 489 1017 540 est,
1062 488 1197 528 multo
1234 488 1360 542 plura
1405 487 1573 541 dixisse,

228 561 356 601 quam
377 546 565 600 dixisset,
590 548 833 600 putaretur,
861 559 939 601 ego
967 548 1109 586 autem
1136 546 1173 587 si
1199 546 1354 599 omnia,
1382 561 1489 600 quae
1517 547 1574 587 di-

228 605 361 647 cenda
393 607 505 658 sunt,
536 604 671 645 libere
704 604 860 658 dixero,
891 618 1163 658 nequaquam
1195 607 1341 646 tamen
1373 605 1574 646 similiter

228 663 365 705 oratio
405 677 500 704 mea
538 663 651 704 exire
697 665 826 717 atque
868 663 913 704 in
955 664 1110 718 vo]gus
1153 677 1351 704 emanare
1395 663 1574 718 poterit3

228 721 378 763 deinde
411 722 525 775 quod
557 724 796 763 ceterorum
820 736 956 776 neque
984 722 1144 763 dictum
1171 722 1571 777 obscurumpotest
1591 735 1623 761 10

227 794 320 821 esse
345 783 523 835 propter
548 780 822 822 nobilitatem
847 784 888 821 et
909 780 1235 835 amplitudinem
1255 795 1392 834 neque
1412 783 1573 822 temere

229 838 342 880 dicto
376 839 549 881 concedi
580 841 758 894 propter
791 842 976 881 aetatem
1011 842 1052 880 et
1084 839 1374 893 prudentiam,
1416 853 1495 895 ego
1537 839 1574 880 si

229 897 329 952 quid
373 898 551 939 liberius
596 897 758 951 dixero,
809 899 876 939 vel
921 898 1135 939 occultum
1186 911 1295 952 esse,
1344 901 1574 952 propterea

229 956 341 1010 quod
381 957 572 998 nondum
611 956 664 998 ad
701 971 790 998 rem
829 957 1045 1011 publicam
1084 956 1261 1009 accessi,
1298 957 1367 997 vel
1407 956 1574 1012 ignosci

227 1015 540 1056 adulescentiae
583 1016 762 1070 poterit,
806 1015 981 1056 tametsi
1020 1029 1106 1056 non
1150 1015 1276 1056 modo
1323 1015 1571 1070 ignoscendi
1592 1029 1623 1055 15
1683 1030 1685 1050 1

226 1074 356 1127 ratio,
401 1088 548 1115 verum
593 1074 723 1115 etiam
766 1074 1049 1129 cognoscendi
1094 1074 1355 1115 consuetudo
1393 1073 1481 1115 iam
1523 1075 1573 1115 de

227 1132 402 1174 civitate
430 1133 603 1174 sublata
635 1135 711 1174 est.
768 1133 945 1174 Accedit
976 1133 1053 1173 illa
1085 1147 1255 1187 quoque
1289 1147 1427 1187 causa,
1461 1133 1573 1186 quod

227 1206 252 1232 a
293 1191 444 1233 ceteris
489 1191 674 1232 forsitan
718 1193 780 1233 ita
824 1192 1008 1245 petitum
1054 1191 1129 1245 sit,
1172 1194 1220 1232 ut
1264 1191 1472 1245 dicerent,
1525 1194 1574 1232 ut

225 1250 439 1291 utrumvis
478 1251 597 1292 salvo
639 1250 778 1292 officio
818 1251 955 1291 faeere
995 1264 1039 1290 se
1080 1264 1206 1304 posse
1240 1250 1574 1304 arbitrarentur3

226 1323 251 1349 a
282 1323 350 1350 me
382 1311 526 1350 autem
558 1309 589 1349 ii
622 1309 944 1361 contenderunt,
977 1308 1049 1362 qui
1081 1309 1193 1363 apud
1226 1323 1293 1349 me
1320 1312 1362 1350 et
1383 1309 1573 1350 amicitia
1591 1322 1624 1347 20

227 1369 270 1408 et
300 1367 517 1408 beneficiis
551 1371 593 1408 et
632 1367 842 1422 dignitate
880 1368 1113 1422 plurimum
1152 1369 1351 1421 possunt,
1392 1382 1573 1421 quorum

225 1439 305 1481 ego
343 1440 421 1467 nec
452 1426 788 1467 benivolentiam
821 1440 924 1481 erga
956 1441 1021 1466 ine
1053 1426 1253 1481 ignorare
1283 1440 1362 1467 nec
1394 1427 1574 1468 auctori-

225 1487 362 1526 tatem
402 1485 624 1539 aspernari
661 1499 738 1526 nec
778 1485 1048 1526 voluntatem
1085 1485 1314 1540 neglegere
1354 1485 1573 1526 debebam.

225 1542 306 1584 His
346 1543 396 1585 de
435 1543 574 1585 causis
614 1558 693 1599 ego
732 1543 831 1586 huic
874 1558 1025 1585 causae
1070 1547 1275 1598 patronus
1322 1543 1445 1585 extiti
1487 1558 1574 1586 non

227 1602 387 1643 electus
432 1617 558 1656 unus,
604 1603 676 1656 qui
720 1603 906 1644 maximo
950 1602 1143 1657 ingenio,
1187 1603 1260 1643 sed
1304 1603 1478 1644 re]ictus
1524 1617 1572 1643 ex
1591 1614 1622 1641 25
1672 1616 1678 1639 e

227 1661 444 1715 omnibus,
483 1661 555 1715 qui
587 1661 765 1702 minimo
804 1661 993 1716 periculo
1031 1675 1202 1715 possem
1241 1661 1398 1715 dicere,
1435 1675 1572 1715 neque

224 1720 290 1760 uti
322 1720 429 1760 satis
461 1720 586 1761 firmo
613 1720 826 1774 praesidio
855 1720 1050 1761 defensus
1079 1718 1171 1761 SeX.
1198 1719 1391 1774 Roscius,
1424 1734 1572 1762 verum

224 1778 289 1820 uti
319 1793 372 1819 ne
406 1779 578 1820 omnino
612 1779 804 1820 desertus
837 1781 961 1820 esset.

314 1836 515 1879 Forsitan
565 1838 801 1892 quaeratis,
851 1838 923 1891 qui
967 1838 1069 1878 iste
1094 1840 1232 1879 terror
1277 1838 1333 1878 sit
1378 1840 1420 1878 et
1466 1852 1572 1892 quae
1683 1871 1685 1879 ,

225 1898 350 1937 tanta
380 1895 582 1949 formido,
622 1911 729 1950 quae
762 1899 829 1938 tot
862 1911 909 1938 ac
942 1896 1042 1937 talis
1074 1896 1189 1938 viros
1222 1897 1446 1951 impediat,
1488 1911 1570 1951 quo
1589 1908 1621 1934 30
1682 1931 1685 1938 .

226 1954 366 1996 minus
399 1969 477 2010 pro
510 1955 650 2010 capite
676 1958 719 1996 et
742 1955 928 1997 fortunis
957 1955 1145 2009 alterius,
1179 1969 1304 2009 quem
1326 1955 1379 1996 ad
1399 1956 1571 1996 modum

226 2017 559 2067 consueverunt,
591 2029 764 2056 causam
797 2015 932 2056 velint
964 2013 1113 2055 dicere.
1176 2014 1295 2062 Quod
1329 2014 1465 2056 adhuc
1497 2029 1571 2056 vos

225 2072 428 2128 ignorare
458 2087 546 2115 non
578 2073 734 2114 mirum
768 2075 852 2127 est,
883 2075 1113 2128 propterea
1146 2073 1258 2126 quod
1291 2073 1486 2114 consulto
1519 2073 1571 2114 ab

227 2132 549 2173 accusatoribus
590 2132 679 2174 eius
718 2132 796 2186 rei,
842 2146 949 2186 quae
993 2131 1194 2173 conflavit
1238 2132 1319 2173 hoc
1359 2131 1572 2185 iudicium,
1682 2170 1685 2174 .

227 2190 387 2232 mentio
420 2190 536 2232 facta
567 2205 654 2232 non
686 2194 762 2232 est.
813 2190 930 2239 Quae
963 2205 1029 2232 res
1063 2205 1111 2231 ea
1144 2191 1237 2232 est?
1287 2189 1409 2232 Bona
1434 2190 1570 2245 patris
1588 2200 1638 2249 3³1
1682 2208 1685 2231 s

226 2249 401 2290 huiusce
434 2248 525 2291 Sex.
552 2249 693 2304 Rosci,
727 2264 836 2304 quae
868 2252 968 2291 sunt
1001 2249 1235 2304 sexagiens,
1268 2263 1376 2302 quae
1403 2249 1452 2290 de
1479 2249 1569 2290 viro

226 2307 467 2349 clarissimo
502 2311 544 2349 et
569 2308 820 2362 fortissimo,
853 2308 897 2349 L.
923 2307 1054 2361 Sulla,
1088 2322 1212 2360 quem
1239 2308 1415 2349 honoris
1443 2322 1570 2349 causa
