1618 2584
178 203 265 244 432
574 202 623 236 IN
651 202 687 238 C.
716 202 917 236 VERREM
943 202 1047 236 ACT.
1075 203 1120 237 II.

179 303 225 341 ut
246 314 325 355 par
348 300 443 354 fuit,
468 300 587 341 iussu
614 299 703 340 eius
729 298 938 351 homines,
966 298 1038 351 qui
1066 297 1273 350 [merant
1299 299 1522 352 nominati,

179 358 476 413 comprehensi
511 360 611 398 sunt
648 356 902 410 adductique
935 356 1209 410 Lilybaeum3
1249 357 1420 398 domino
1454 357 1521 399 de-

127 417 154 457 5
179 418 426 459 nuntiatum
466 419 548 470 est,
590 430 719 457 causa
757 415 889 468 dicta,
929 415 1132 456 damnati.
1195 414 1305 464 Quid
1343 416 1521 457 deinde?

120 1314 155 1343 11

139 2402 164 2439 b

125 2452 163 2480 12¹

180 477 279 531 quid
326 475 536 517 censetis?
586 474 751 515 furtum
795 473 981 515 fortasse
1021 477 1095 515 aut
1132 475 1335 529 praedam
1375 490 1522 530 expec-

179 535 283 576 tatis
330 535 532 588 aliquam.
595 532 742 574 Nolite
780 547 914 586 usque
953 547 1119 587 quaque
1157 533 1269 574 idem
1309 548 1522 588 quaerere.

178 594 229 635 In
262 596 379 634 metu
412 592 515 634 belli
548 591 718 633 furandi
750 592 869 633 10003
903 592 976 646 qui
1007 594 1153 646 potest
1186 593 1307 633 033οῬ
1353 593 1523 634 etiamsi

181 668 265 707 qua
301 652 385 693 fuit
423 651 467 692 in
504 653 584 693 hac
622 665 666 691 re
705 650 889 704 occasio,
928 650 1235 705 praetermissa
1273 653 1348 692 est.
1414 651 1523 692 Tum

181 711 324 765 potuit
369 726 393 751 a
437 710 626 751 Leonida
669 724 943 750 nummorum
989 709 1150 763 aliquid
1196 710 1380 764 auferre,
1428 725 1523 752 cum

182 769 462 823 denuntiavit,
494 772 542 810 ut
570 769 756 822 adesset3
788 767 870 809 fuit
899 768 1153 810 nundinatio
1187 769 1344 822 aliqua,
1377 771 1419 810 et
1451 769 1524 810 isti
1582 782 1583 810 ι

182 844 267 870 non
298 843 427 880 nova,
465 842 518 869 ne
551 842 723 869 causam
757 826 963 881 dicerent,
1003 827 1132 868 etiam
1165 828 1276 868 alter
1308 828 1443 881 10003,
1478 831 1525 869 ut

183 888 529 940 absolverentur,
556 886 769 927 damnatis
797 886 968 940 quidem
996 886 1129 927 servis
1158 901 1265 940 quae
1292 887 1525 941 praedandi

1547 835 1584 866 10*
1604 845 1611 868 1

182 949 328 1001 potest
359 961 451 988 esse
484 945 624 987 ratio?
660 945 836 1000 produci
869 945 922 986 ad
955 945 1212 999 supplicium
1244 960 1416 987 necesse
1449 949 1525 987 est.
1584 967 1585 1007 }

183 1005 333 1047 Testes
367 1005 479 1046 enim
514 1006 630 1057 sunt,
670 1004 743 1058 qui
775 1004 819 1044 in
851 1004 1030 1045 consilio
1063 1004 1254 1057 fuerunt,
1287 1007 1419 1045 testes
1453 1020 1526 1059 pu·
1584 1018 1585 1052 ξ

183 1065 320 1106 blicae
358 1064 551 1117 tabulae,
590 1063 715 1104 testis
755 1062 1103 1116 splendidissima
1141 1063 1292 1104 civitas
1325 1063 1526 1117 Lilybae-
1584 1059 1585 1063 ¹

182 1128 302 1177 tana,
361 1123 487 1164 testis
546 1116 876 1163 honestissimus
937 1122 1232 1176 maximusque
1291 1126 1525 1164 conventus

184 1183 340 1224 civium
391 1182 704 1235 Romanorum,
754 1180 845 1221 fieri
896 1181 1004 1222 nihil
1055 1183 1217 1235 potest,
1266 1181 1527 1236 producendi

185 1244 295 1282 sunt.
364 1241 516 1295 Itaque
564 1240 858 1294 producuntur
902 1243 944 1280 et
989 1240 1041 1280 ad
1085 1240 1232 1295 palum
1277 1240 1527 1295 alligantur.

185 1300 332 1341 Etiam
376 1314 488 1341 nunc
533 1299 638 1339 mihi
678 1302 902 1353 expectare
940 1299 1160 1353 videmini,
1204 1298 1381 1351 iudices,
1427 1300 1527 1353 quid

186 1359 335 1400 deinde
367 1359 531 1400 factum
565 1358 633 1411 sit,
667 1358 778 1411 quod
811 1357 893 1398 iste
925 1358 1033 1398 nihil
1066 1373 1270 1412 umquam
1302 1357 1405 1399 fecit
1437 1359 1527 1399 sine

186 1420 331 1470 aliquo
372 1420 554 1472 quaestu
593 1420 721 1470 atque
760 1416 929 1470 praeda.
993 1417 1102 1466 Quid
1138 1417 1181 1457 in
1213 1417 1302 1457 eius
1335 1417 1450 1458 modi
1483 1431 1527 1458 re

185 1477 277 1518 fieri
309 1476 481 1532 potuit?
537 1474 657 1523 Quod
691 1475 962 1516 commodum
995 1478 1076 1529 est,
1110 1478 1330 1530 expectate
1362 1475 1527 1517 facinus

187 1551 315 1590 quam
348 1535 479 1577 voltis
512 1534 775 1589 improbum3
811 1534 977 1575 vincam
1009 1536 1154 1576 tamen
1187 1535 1527 1589 expectationem

187 1595 390 1636 omnium.
446 1593 653 1635 Homines
694 1593 866 1634 sceleris
899 1593 1291 1647 coniurationisque
1324 1593 1527 1647 damnati,

187 1654 239 1695 ad
261 1653 520 1708 supplicium
540 1652 702 1705 traditi,
730 1652 781 1692 ad
806 1652 952 1706 palum
980 1652 1151 1708 alligati
1178 1655 1352 1706 repente
1379 1653 1526 1694 multis

188 1713 360 1754 milibus
398 1712 622 1753 hominum
660 1711 1002 1765 inspectantibus
1040 1711 1171 1752 soluti
1204 1714 1304 1752 sunt
1336 1714 1378 1752 et
1410 1711 1528 1753 Trio—

187 1772 328 1813 calino
363 1771 428 1812 illi
461 1770 633 1812 domino
666 1770 833 1811 redditi.

277 1830 387 1878 Quid
430 1829 512 1871 hoc
557 1830 649 1870 1000
691 1831 814 1883 potes
854 1828 1009 1881 dicere,
1054 1828 1183 1869 homo
1224 1829 1529 1883 amentissime,

187 1889 270 1930 11131
311 1889 370 1941 id,
416 1888 529 1942 quod
567 1902 646 1943 ego
686 1902 771 1928 11011
811 1902 987 1941 quaero,
1032 1888 1144 1941 quod
1184 1887 1363 1942 denique
1403 1889 1446 1929 in
1484 1904 1528 1931 re

187 1952 277 1989 tam
311 1947 493 2001 nefaria,
531 1946 706 1988 tametsi
739 1946 927 1987 dubitari
959 1960 1045 1987 non
1076 1949 1239 2001 potest,
1278 1950 1438 2000 tamen,
1477 1963 1528 1989 ne

189 2007 224 2048 si
257 2007 477 2048 dubitetur
510 2006 698 2060 quidem,
731 2005 877 2059 quaeri
910 2008 1126 2060 oporteat,
1161 2005 1260 2060 quid
1294 2009 1368 2046 aut
1401 2021 1529 2060 quan-

188 2070 281 2107 tum
302 2068 377 2107 aut
405 2079 487 2119 quo
517 2065 642 2106 modo
670 2064 912 2118 acceperis?
957 2064 1149 2105 Remitto
1176 2065 1256 2105 tibi
1284 2065 1363 2106 hoc
1390 2067 1529 2107 totum

189 2128 318 2179 atque
350 2125 436 2166 ista
468 2127 510 2165 te
543 2138 644 2165 cura
676 2123 831 2176 libero3
863 2138 1000 2177 neque
1034 2123 1146 2164 enim
1179 2127 1334 2176 metuo,
1366 2138 1418 2165 ne
1451 2125 1530 2166 hoc

189 2184 387 2238 cuiquam
438 2183 765 2238 persuadeatur,
814 2184 880 2234 ut,
931 2182 983 2223 ad
1035 2182 1147 2236 quod
1197 2182 1361 2224 facinus
1406 2198 1529 2225 nemo

190 2246 362 2297 praeter
399 2246 442 2283 te
476 2242 567 2283 ulla
599 2241 779 2296 pecunia
812 2241 962 2282 adduci
994 2241 1203 2295 potuerit,
1240 2241 1281 2281 id
1315 2243 1361 2281 tu
1395 2243 1530 2298 gratis

191 2302 406 2354 suscipere
446 2303 625 2342 conatus
665 2300 735 2341 sis.
797 2299 958 2341 Verum
999 2300 1047 2340 de
1086 2300 1171 2341 ista
1209 2299 1378 2341 furandi
1414 2316 1530 2356 prae-

149 2399 162 2410 ,,
192 2360 403 2414 dandique
441 2360 609 2400 ratione
647 2359 755 2400 nihil
792 2358 903 2413 dico,
941 2358 991 2399 de
1023 2358 1103 2400 hac
1136 2358 1415 2413 imperatoria
1446 2360 1531 2401 iam

192 2422 266 2459 tua
292 2419 417 2460 laude
447 2418 631 2472 disputo.
683 2417 792 2465 Quid
825 2417 900 2471 ais,
932 2418 1042 2458 bone
1075 2420 1218 2458 custos
1254 2417 1531 2473 defensorque

1549 1136 1587 1172 15}
1605 1140 1613 1163 :³

1547 1430 1578 1454 20
1588 1430 1589 1469 l
1606 1435 1615 1457 231

1547 1723 1610 1752 25³.

1548 2018 1611 2047 301,

1550 2295 1618 2338 ³⁵]-
