1618 2584
447 247 534 283 ΜΒ.
555 248 588 282 V
632 248 733 283 CAP.
761 252 898 284 25—27
925 253 944 291 g
971 253 1119 285 62-68.
1364 251 1450 292 453

113 342 228 396 cidit,
259 357 333 384 cur
358 345 481 385 tanto
509 358 635 410 opere
667 344 749 385 iste
781 343 909 386 homo
943 345 1242 399 occultar,etur
1274 348 1322 386 ut
1354 360 1449 387 eum

112 415 164 442 ne
191 415 291 442 casu
319 402 489 456 quidem
517 403 742 468 quisquam
768 402 985 458 adspicere
1016 404 1191 458 posset?
1242 403 1449 446 Homines

114 460 332 501 maritumi
377 459 614 515 Syracusis,
666 461 738 515 qui
787 476 913 516 saepe
963 462 1088 504 istius
1133 462 1250 504 ducis
1294 477 1451 504 nomen

113 518 349 573 audissent
388 533 513 574 saepe
545 519 808 574 timuissent,
846 535 941 562 cum
975 521 1063 562 cius
1096 521 1288 563 cruciatu
1320 524 1448 575 atque

76 587 93 613 5
113 577 324 631 supplicio
343 592 518 632 pascere
540 578 684 619 0011103
706 578 978 633 animumque
1002 582 1249 622 exsaturare
1275 581 1449 634 vellent,

112 638 306 690 potestas
351 636 611 691 adspiciendi
654 637 815 678 nemini
858 637 974 679 facta
1012 641 1088 679 est.
1150 638 1272 680 Unus
1310 639 1446 694 pluris
1474 648 1518 680 66

111 695 375 748 praedonum
401 695 526 737 duces
553 696 674 737 vivos
701 696 813 750 cepit
838 695 883 738 P.
905 696 1111 738 Servilius
1140 712 1268 751 quam
1301 712 1448 740 omnes

112 755 250 794 antea.
306 753 538 808 Ecquando
576 754 710 809 igitur
747 755 832 796 isto
864 755 1007 797 fructu
1040 756 1266 811 quisquam
1299 757 1449 810 caruit,

110 814 158 852 111
204 811 345 853 videre
383 813 569 867 piratam
608 815 780 867 captum
818 829 905 855 non
942 814 1119 856 liceret?
1188 816 1249 856 At
1287 818 1449 870 contra,

59 881 91 906 10
112 885 377 925 quacumque
402 872 485 912 iter
512 871 626 926 fecit,
658 873 739 914 1100
770 872 1123 915 iucundissimum
1156 875 1448 929 spectaculum

111 929 309 971 omnibus
347 930 587 972 vinctorum
626 934 934 986 captorumque
971 932 1163 974 hostium
1200 933 1449 988 praebebat,

109 988 256 1042 itaque
288 988 326 1030 01
359 1003 587 1031 concursus
618 990 781 1031 fiebant
812 990 1009 1045 undique,
1041 993 1089 1032 ut
1120 1006 1207 1033 non
1238 991 1364 1033 modo
1399 1006 1448 1033 ex

109 1046 161 1087 iis
207 1047 393 1102 oppidis,
438 1063 521 1102 qua
558 1048 840 1103 ducebantur,
885 1049 958 1090 sed
997 1050 1126 1092 etiam
1165 1065 1215 1091 ex
1252 1050 1448 1091 finitimis

108 1105 274 1146 visendi
323 1121 451 1148 causa
501 1107 788 1149 convenirent.
861 1108 959 1162 Ipse
1010 1112 1153 1150 autem
1202 1109 1447 1164 triumphus

57 1173 89 1199 15
111 1179 239 1218 quam
278 1165 332 1206 ob
368 1180 457 1206 rem
491 1166 681 1207 omnium
714 1166 1032 1221 triumphorum
1066 1167 1341 1223 gratissimus
1372 1183 1448 1223 po-

108 1223 210 1277 pulo
242 1223 438 1265 Romano
476 1224 560 1265 fuit
598 1227 640 1265 et
676 1225 1036 1268 iucundissimus?
1093 1225 1201 1274 Quia
1238 1227 1346 1268 nihil
1383 1229 1449 1268 est

108 1282 290 1324 victoria
328 1282 510 1336 dulcius,
554 1283 721 1325 nullum
764 1287 829 1325 est
862 1287 1005 1326 autem
1037 1285 1334 1326 testimonium
1366 1286 1448 1327 vic-

107 1340 245 1382 toriae
294 1341 451 1383 certius
503 1356 648 1395 quam,
698 1357 804 1396 quos
849 1357 976 1398 saepe
1020 1344 1241 1398 metueris,
1291 1358 1363 1386 eos
1405 1347 1447 1385 te

106 1399 273 1441 vinctos
313 1400 366 1441 ad
398 1401 655 1455 supplicium
688 1401 783 1442 duci
814 1401 969 1443 videre.
1024 1402 1118 1444 Hoc
1150 1405 1198 1444 tu
1231 1417 1359 1457 quam
1393 1404 1446 1445 ob
1474 1412 1516 1443 67

54 1469 87 1494 20
107 1473 198 1499 rem
229 1473 316 1500 non
347 1459 518 1500 fecisti?
559 1474 687 1513 quam
720 1460 774 1501 ob
808 1475 898 1501 rem
930 1461 991 1502 ita
1022 1461 1165 1515 pirata
1196 1461 1279 1503 iste
1312 1462 1447 1504 000111-

107 1520 225 1559 tatus
253 1520 329 1571 est,
362 1518 484 1572 quasi
510 1533 606 1559 eum
633 1518 767 1572 aspici
791 1519 911 1560 nefas
939 1520 1080 1561 esset?
1108 1535 1236 1574 quam
1269 1521 1324 1562 ob
1357 1535 1447 1562 rem

109 1576 366 1631 supplicium
392 1591 478 1618 non
505 1578 757 1632 sumpsisti?
791 1593 919 1632 quam
946 1579 999 1620 ob
1027 1593 1200 1620 causam
1229 1579 1447 1621 hominem

107 1636 366 1676 reservasti?
400 1650 575 1690 ecquem
602 1636 683 1677 3013
710 1636 754 1677 111
781 1634 926 1678 Sicilia
953 1640 1080 1679 antea
1108 1641 1281 1693 captum
1314 1639 1447 1680 archi-

106 1694 311 1748 piratam,
350 1694 422 1748 qui
460 1709 546 1736 non
584 1695 720 1737 securi
759 1710 985 1750 percussus
1018 1696 1104 1737 sit?
1167 1696 1312 1738 Unum
1344 1697 1446 1740 cedo

0 1759 1 1764 ’
54 1763 87 1788 25
109 1755 329 1794 auctorem
366 1753 430 1794 tui
469 1753 589 1807 facti,
627 1754 752 1795 unius
790 1754 936 1809 piofer
971 1756 1226 1810 exemplum.
1286 1756 1447 1798 Vivum

106 1814 154 1852 tu
192 1811 500 1866 archipiratam
539 1813 742 1854 servabas
785 1837 833 1842 —
875 1814 988 1868 quo?
1051 1814 1133 1855 Per
1166 1814 1448 1870 triumphum,

106 1869 250 1924 credo,
288 1885 413 1924 quem
449 1873 548 1912 ante
581 1886 750 1912 currum
782 1874 904 1913 tuum
937 1872 1127 1926 duceres3
1164 1888 1301 1928 neque
1334 1874 1446 1915 enim

108 1928 335 1994 quicquam
379 1932 472 1971 erat
509 1930 739 1984 reliquum,
782 1930 865 1971 nisi
904 1931 966 1972 uti
1005 1932 1140 1973 classe
1177 1932 1328 1987 populi
1365 1933 1446 1975 Ro-

108 1987 223 2028 mani
249 1988 537 2041 pulcherrima
564 1989 722 2030 amissa
747 1989 1053 2044 provinciaque
1080 1991 1270 2032 lacerata
1298 1991 1446 2033 trium-

52 2055 87 2082 30
106 2045 216 2100 plius
249 2046 330 2088 tibi
361 2047 529 2088 navalis
562 2047 870 2090 decerneretur.

195 2104 291 2160 Age
317 2120 458 2159 porro,
491 2106 695 2147 custodiri
721 2106 869 2148 ducem
896 2107 1158 2161 praedonum
1183 2123 1295 2150 novo
1329 2123 1445 2150 more
1460 2088 1515 2171 ἓξ,

107 2178 236 2218 quam
281 2164 418 2205 securi
460 2163 579 2205 feriri
623 2165 813 2207 omnium
858 2167 1051 2220 exemplo
1093 2167 1233 2222 magis
1270 2167 1445 2222 placuit.

107 2222 224 2271 Quae
251 2225 350 2263 sunt
375 2223 484 2264 istae
517 2224 763 2265 custodiae?
796 2224 909 2280 apud
942 2239 1048 2280 quos
1080 2225 1287 2280 homines,
1321 2241 1446 2280 quem

107 2281 161 2322 ad
203 2281 377 2322 modum
416 2285 481 2323 est
518 2282 798 2324 adservatus?
860 2283 1113 2325 Lautumias
1152 2283 1444 2338 Syracusanas

53 2350 86 2376 35
107 2354 254 2381 01111103
300 2340 498 2395 audistis,
548 2341 741 2395 pleiique
787 2342 936 2384 nostis.
1011 2342 1128 2397 Opus
1173 2346 1239 2384 est
1281 2344 1445 2399 ingens,

106 2398 577 2455 magnificum,1egum
605 2414 653 2441 ac
683 2403 984 2456 tyrannorum3
1016 2404 1158 2443 totum
1190 2404 1255 2443 est
1288 2417 1309 2443 e
1342 2417 1444 2444 saxo

2 2417 7 2496 1
105 2456 150 2500 111
175 2457 415 2499 mirandam
442 2458 714 2500 altitudinem
741 2459 941 2514 depresso
969 2462 1012 2502 et
1037 2461 1274 2502 multorum
1303 2461 1444 2516 operis
