1685 2574
233 109 286 149 16
590 91 682 128 PRO
710 89 747 123 P.
768 78 996 128 QUINCTIO
1024 70 1215 110 ORATIO.

234 199 454 260 praedicat
480 196 523 235 et
548 187 736 246 pretium
769 176 956 228 conficit,
987 170 1087 213 huic
1119 160 1444 209 acerbissimum
1475 153 1572 194 vivo

236 258 483 310 videntique
520 250 649 291 funus
689 240 874 289 ducitur,
911 234 948 275 si
983 230 1112 272 funus
1149 225 1192 266 id
1222 216 1467 263 habendum
1501 213 1576 264 est,

271 335 323 362 uo
344 330 432 359 non
458 308 583 354 amici
609 299 868 346 conveniunt
893 292 947 335 ad
974 285 1196 340 exsequias
1224 270 1578 323 cohonestandas,

243 379 316 421 sed
340 377 553 417 bonorum
581 364 796 416 emptores
821 357 870 395 ut
895 347 1115 393 carnifices
1145 341 1199 384 ad
1229 334 1434 390 reliquias
1465 329 1580 371 vitae

244 431 494 480 lacerandas
528 428 570 467 et
603 414 914 463 distrahendas.

334 493 488 544 Itaque
527 482 711 526 maiores
749 471 887 517 nostri
922 480 1019 509 raro
1051 462 1096 505 id
1127 457 1314 502 accidere
1345 447 1588 496 voluerunt,

250 555 489 610 praetores,
523 545 572 585 ut
603 534 869 582 considerate
900 527 1039 578 fieret,
1075 511 1444 572 comparaverunt.
1493 503 1590 546 Viri

253 611 355 655 boni
381 621 475 650 cum
507 602 654 658 palam
684 591 957 640 fraudantur,
989 596 1085 625 cum
1117 570 1366 631 experiundi
1398 565 1590 622 potestas

256 685 341 713 non
379 669 461 718 est,
498 658 647 703 timide
685 658 831 695 tamen
870 649 912 688 et
943 634 1252 699 pedetemptim
1283 631 1395 671 istuc
1427 625 1593 665 descen-

257 730 363 772 dunt
387 725 432 767 vi
458 737 506 764 ac
531 714 788 762 necessitate
814 704 962 756 coacti,
993 697 1130 751 inviti,
1162 690 1310 736 multis
1341 679 1596 728 vadimoniis
1614 689 1642 715 ιο
1682 692 1685 711 ι

260 785 458 837 desertis,
503 791 629 832 saepe
666 770 785 814 illusi
823 781 872 808 ac
909 756 1122 809 destituti,
1164 746 1436 794 considerant
1474 739 1598 792 enim,
1655 732 1658 743 '

262 846 364 902 quid
391 846 433 884 et
460 839 669 895 quantum
701 830 759 872 sit
791 822 969 868 alterius
1000 819 1116 859 bona
1146 806 1425 867 proscribere.
1474 799 1600 853 Iugu-

262 908 353 948 lare
374 902 509 944 civem
528 910 581 937 ne
600 894 691 934 iure
713 886 884 943 quidem
905 879 1132 935 quisquam
1151 871 1291 911 bonus
1311 863 1417 915 vult,
1437 855 1603 901 mavult

265 953 594 1007 commemorari
614 965 670 1004 se,
697 961 792 990 cum
818 940 966 998 posset
990 933 1179 991 perdere,
1204 922 1445 982 pepercisse
1466 929 1604 972 quam,

267 1037 363 1066 cum
404 1027 578 1074 parcere
616 1004 825 1065 potuerit,
868 994 1115 1054 perdidisse.
1175 986 1295 1029 Haec
1330 982 1376 1022 in
1411 975 1606 1019 homines
1624 964 1665 1008 15¹

270 1077 577 1125 alienissimos,
616 1066 796 1119 denique
833 1052 1156 1100 inimicissimos
1196 1043 1278 1086 viri
1313 1038 1417 1082 boni
1447 1033 1610 1077 faciunt

272 1144 316 1183 et
352 1135 577 1180 hominum
617 1117 950 1168 existimationis
984 1115 1026 1154 et
1059 1103 1296 1151 communis
1328 1090 1611 1140 humanitatis

274 1212 414 1250 causa,
439 1196 500 1246 ut,
526 1203 621 1232 cum
641 1183 725 1240 ipsi
744 1178 853 1222 nihil
881 1172 1006 1217 alteri
1034 1168 1215 1210 scientes
1242 1151 1614 1203 incommodarint,

275 1257 385 1300 nihil
416 1251 522 1308 ipsis
554 1248 645 1289 iure
677 1233 937 1284 incommodi
969 1229 1118 1272 cadere
1149 1220 1299 1278 possit.

208 1328 252 1358 52
397 1312 466 1354 Ad
505 1301 796 1350 vadimonium
837 1308 924 1336 non
960 1288 1089 1331 venit.
1151 1279 1283 1330 Quis?
1336 1271 1618 1327 Propinquus.
1633 1275 1651 1300 2·

1601 396 1616 421 5
1651 383 1654 400 5

179 531 220 560 51

292 1644 400 1711 non&
418 1662 547 1705 venit.
610 1653 743 1704 Quis?
786 1649 848 1701 Is,
890 1643 962 1699 qui
1002 1639 1083 1682 tibi
1123 1634 1295 1691 praesto
1336 1637 1503 1679 semper
1539 1618 1630 1661 fuit.

293 1728 411 1781 Ergo
437 1723 483 1763 in
509 1732 617 1770 eum,
650 1712 722 1767 qui
749 1707 880 1750 semel
906 1704 987 1744 hoc
1014 1693 1240 1745 commisit,
1272 1691 1320 1729 ut
1348 1684 1430 1726 tibi
1461 1680 1631 1737 praesto

296 1800 383 1828 non
409 1781 540 1828 esset,
573 1772 717 1817 omnia
747 1767 836 1809 tela
868 1756 1104 1808 coniecisti,
1137 1766 1245 1807 quae
1274 1747 1430 1802 parata
1463 1741 1562 1781 sunt
1592 1736 1634 1777 in

505 1838 512 1845 ’
567 1830 784 1890 permulta
831 1823 942 1865 male
992 1813 1146 1872 agendi
1172 1821 1300 1851 causa
1329 1797 1635 1850 fraudandique

234 1914 275 1944 53
301 1897 521 1945 fecerunt?
573 1892 619 1934 Si
651 1884 889 1943 dupondius
922 1883 1021 1919 tuus
1055 1874 1272 1928 ageretur,
1304 1862 1398 1905 Sex.
1424 1856 1573 1909 Naevi,
1604 1851 1656 1895 si:

305 1964 349 2004 in
385 1955 568 2015 parvula
605 1965 650 1992 re
689 1941 900 2001 captionis
934 1933 1097 1989 aliquid
1128 1938 1340 1977 vererere,
1376 1933 1463 1962 non
1495 1913 1639 1957 statim

308 2021 361 2063 ad
382 2019 427 2060 G.
442 2012 667 2069 Aquilium
687 2007 762 2048 aut
783 2002 836 2044 ad
857 2011 1003 2041 eorum
1031 1991 1229 2045 aliquem,
1258 1982 1329 2038 qui
1354 1976 1640 2025 consuluntur,
1664 1992 1667 2002 a

309 2070 625 2122 concurrisses?
659 2079 755 2108 cum
787 2062 854 2103 ius
887 2053 1118 2104 amicitiae,
1151 2040 1390 2092 societatiS,
1422 2029 1642 2078 affinitatis

311 2137 529 2194 ageretur,
576 2142 671 2171 cum
716 2119 847 2165 officii
889 2114 1102 2157 rationem
1146 2109 1274 2159 atque
1319 2088 1644 2140 existimationis

313 2196 409 2238 duci
440 2187 705 2237 conveniret,
743 2195 791 2222 eo
824 2181 1018 2229 tempore
1049 2172 1097 2210 tu
1128 2178 1215 2207 non
1246 2158 1372 2202 modo
1405 2168 1491 2196 non
1524 2150 1576 2192 acl
1605 2145 1645 2189 O.

317 2252 535 2309 Aquilium
557 2248 631 2289 aut
650 2243 696 2285 L.
711 2237 922 2282 Lucilium
943 2224 1164 2277 rettulisti,
1191 2220 1264 2262 sed
1285 2232 1338 2259 ne
1364 2216 1456 2269 ipse
1484 2208 1648 2265 quidem
1666 2252 1668 2262 .

317 2320 360 2355 te
380 2304 647 2354 consuluisti,
671 2315 724 2343 ne
743 2300 824 2340 hoc
849 2292 1019 2348 quidem
1046 2290 1186 2327 tecum
1212 2279 1381 2321 locutus
1409 2286 1470 2313 es:
1497 2268 1649 2311 ‘Horae
