1618 2584
428 49 530 84 cAP.
560 54 692 84 19—21
723 53 742 91 ς
769 53 918 85 63—70.
1257 51 1340 91 119

0 146 221 189 honestius
248 144 305 186 sit
330 158 477 186 eorum
504 160 644 199 causa,
677 145 787 199 apud
820 159 926 199 quos
960 147 1164 199 quaestor
1194 144 1339 199 fueris,

1 219 127 260 quam
159 218 272 254 eum,
305 203 423 244 cuius
457 207 660 257 quaestor
690 204 841 257 fueris,
875 204 1103 245 accusare?

88 261 327 304 Clarissimi
346 262 429 302 viri
454 265 628 303 nostrae
655 263 844 304 civitatis
870 262 1136 316 temporibus
1163 262 1338 316 optimis
1365 271 1408 302 66

1 322 81 363 1106
112 321 195 361 sibi
227 320 540 373 amplissimum
571 321 990 375 pulcherrimumque
1022 321 1251 373 ducebant,
1284 321 1338 362 ab

1 379 243 433 hospitibus
288 379 599 433 clientibusque
642 379 747 433 suis,
793 380 845 420 ab
885 380 1040 420 exteris
1078 379 1340 432 nationibus,

3 452 124 505 quae
134 438 180 478 in
205 437 439 478 amicitiam
465 437 615 491 populi
641 413 826 479 Roniani
859 438 1151 492 dicionemque
1184 441 1339 491 essent,

0 496 176 539 iniurias
214 496 467 549 propulsare
506 510 736 550 eorumque
768 497 965 538 fortunas
999 496 1233 538 defendere.
1283 496 1338 537 M.

1 554 206 597 Catonem
237 554 361 595 illum
389 553 647 608 Sapientem,
679 554 964 595 clarissimum
997 556 1136 596 virum
1168 558 1211 596 et
1242 570 1339 609 pru-

1 613 314 666 dentissimum,
352 627 447 654 cum
486 613 634 653 multis
675 627 827 668 graves
866 613 1113 655 inimicitias
1154 614 1338 670 gessisse

1 672 238 726 accepimus
288 674 466 725 propter
515 671 826 725 Hispanorum,
877 672 989 725 apud
1039 687 1144 726 quos
1191 672 1339 714 consul

0 731 155 782 fuerat,
194 730 384 771 iniurias.
447 728 595 784 Nuper
634 729 707 771 Cn.
732 729 974 771 Domitium
1006 731 1162 771 scimus
1193 731 1249 772 M.
1277 730 1340 772 Si·
1367 740 1408 770 67

0 790 98 831 13110
125 789 236 829 (116111
263 789 419 829 dixisse
448 791 626 842 propter
657 788 782 829 unius
814 788 1001 829 hominis
1035 789 1340 844 Aegritomari,

0 848 168 903 paterni
206 847 332 889 amici
370 850 498 901 atque
535 847 738 901 hospitis,
782 847 972 888 iniurias.
1035 847 1185 901 Neque
1225 849 1338 889 enim
1353 846 1405 887 21

0 906 138 962 magis
177 906 342 947 animos
381 906 603 947 hominum
637 906 882 947 nocentium
914 920 981 946 res
1014 921 1218 960 umquam
1250 908 1341 948 ulla

1 965 231 1007 commovit
252 979 379 1018 quam
399 964 505 1006 haec
528 964 738 1006 maiorum
765 964 1026 1006 consuetudo
1054 965 1185 1020 longo
1212 965 1340 1007 inter-

0 1024 112 1066 vallo
139 1023 323 1077 repetita
349 1038 397 1064 ac
421 1023 571 1076 relata,
605 1023 817 1064 sociorum
847 1023 1137 1077 querimoniae
1171 1024 1339 1066 delatae

0 1082 52 1124 ad
86 1081 303 1123 hominem
335 1096 422 1123 non
453 1082 779 1136 inertissimum,
819 1085 1041 1135 susceptae
1075 1083 1128 1124 ab
1161 1097 1229 1137 6ο,
1268 1083 1341 1136 qui

0 1141 222 1182 videbatur
248 1155 393 1182 eorum
419 1140 615 1182 fortunas
648 1141 730 1181 fide
764 1141 1072 1195 diligentiaque
1106 1156 1181 1182 sua
1214 1156 1339 1195 posse

0 1199 233 1241 defendere.
284 1199 377 1241 Hoc
402 1199 558 1240 timent
583 1199 789 1253 homines,
815 1199 896 1240 hoc
925 1200 1138 1253 laborant,
1170 1200 1252 1241 hoc
1278 1201 1337 1241 in·
1366 1208 1408 1239 68

0 1258 123 1300 stitui
161 1261 289 1312 atque
329 1258 432 1299 adeo
471 1258 719 1299 institutum
757 1258 907 1299 referri
942 1273 990 1299 ac
1023 1259 1223 1300 renovari
1254 1273 1340 1300 mo-

0 1317 105 1359 leste
143 1316 304 1371 ferunt3
348 1319 504 1370 putant
541 1317 633 1358 fore
671 1320 736 1370 ut,
781 1317 818 1358 si
854 1317 1065 1370 paulatim
1102 1318 1207 1358 11366
1245 1332 1340 1359 con—

1 1375 178 1417 suetudo
233 1390 402 1429 serpere
453 1390 502 1417 36
549 1375 719 1429 prodire
770 1376 976 1429 coeperit,
1026 1390 1102 1430 per
1144 1375 1339 1417 homines

0 1434 327 1476 honestissimos
355 1434 553 1488 virosque
579 1433 854 1487 fortissimos,
879 1448 967 1475 non
991 1434 1215 1488 imperitos
1243 1435 1340 1476 adu-

0 1493 258 1535 lescentulos
289 1496 363 1534 aut
394 1493 512 1533 illius
545 1493 660 1534 modi
694 1493 1052 1547 quadruplatores
1085 1494 1203 1548 leges
1235 1494 1340 1534 iudi-

2 1552 148 1606 ciaque
184 1551 547 1593 administrentur.
605 1550 734 1592 Cuius
767 1552 1086 1592 consuetudinis
1119 1555 1247 1606 atque
1279 1553 1341 1593 in-
1367 1559 1410 1591 69

2 1611 142 1652 stituti
167 1613 312 1664 patres
338 1610 607 1664 maioresque
633 1613 806 1651 nostros
837 1624 924 1651 non
955 1610 1204 1664 paenitebat
1235 1613 1340 1665 tum,

2 1684 94 1711 611111
114 1669 159 1710 P.
180 1668 398 1722 Lentulus,
425 1669 462 1709 is
484 1669 556 1722 qui
576 1668 771 1723 princeps
793 1671 967 1710 senatus
987 1669 1083 1723 fuit,
1110 1670 1340 1711 accusabat

1 1726 66 1769 Μ’.
92 1728 314 1782 Aquilium
353 1727 644 1781 subscriptore
683 1726 726 1769 C.
759 1727 924 1769 Rutilio
961 1728 1093 1782 Rufo,
1132 1731 1206 1769 aut
1244 1743 1339 1769 cum

1 1786 45 1828 P.
82 1786 330 1840 Africanus,
376 1786 506 1828 homo
550 1786 727 1839 virtute,
770 1786 964 1840 fortuna,
1010 1787 1167 1842 gloria,
1211 1788 1339 1828 rebus

4 1845 135 1900 gestis
172 1845 482 1899 amplissimus,
519 1847 802 1899 posteaquam
834 1845 901 1886 bis
934 1846 1083 1887 consul
1115 1848 1158 1886 et
1190 1860 1340 1887 censor

0 1903 151 1958 fuerat,
181 1903 227 1945 L.
255 1902 464 1945 Cottam
454 1918 499 1944 111
529 1904 732 1944 iudicium
764 1905 958 1946 vocabat.
1014 1904 1111 1945 Iure
1143 1907 1236 1945 tum
1268 1905 1341 1946 flo-

1 1963 122 2004 rebat
165 1963 314 2017 populi
357 1962 542 2003 Romani
585 1977 757 2016 nomen,
801 1963 892 2004 iure
938 1963 1172 2004 auct01itas
1213 1963 1340 2004 huius

2 2020 167 2075 imperii
193 2021 464 2075 civitatisque
491 2021 696 2062 maiestas
723 2021 867 2076 gravis
895 2021 1147 2062 habebatur.
1200 2020 1340 2063 Nemo

2 2079 274 2121 mirabatur
263 2095 308 2121 m
333 2079 539 2121 Africano
569 2079 659 2132 illo,
693 2079 806 2133 quod
837 2080 882 2120 in
914 2095 982 2121 1116
1012 2095 1136 2133 nunc,
1167 2080 1341 2121 homine

2 2138 143 2191 parvis
176 2139 328 2193 opibus
362 2154 411 2180 ac
441 2138 724 2179 facultatibus
756 2138 969 2192 praedito,
1009 2114 1216 2180 simulant
1249 2153 1340 2180 sese

2 2196 164 2251 mirari,
215 2212 310 2239 cum
355 2197 536 2239 moleste
579 2197 740 2238 ferunt:
787 2196 917 2245 ‘Quid
961 2197 1044 2238 sibi
1087 2198 1169 2238 iste
1215 2197 1339 2239 vult?
1368 2205 1411 2235 70

2 2259 346 2298 accusatoremne
373 2271 418 2297 se
449 2255 698 2310 existimari,
732 2256 803 2310 qui
831 2259 957 2298 antea
986 2256 1209 2298 defendere
1243 2271 1339 2298 con-
