1618 2584
377 240 469 277 LIB.
498 240 548 275 111
593 240 696 275 CAP.
724 244 859 275 49—51
888 244 906 283 ξ
935 244 1129 276 116—120.
1338 241 1421 281 317

78 336 151 379 HS
177 349 208 378 D
242 336 363 378 milia
396 336 594 379 fortasse.
649 336 743 378 Hoc
774 351 911 391 neque
944 336 1139 390 exemplo
1173 336 1421 389 cuiusquam

78 410 215 450 neque
258 396 349 437 iure
393 396 483 436 ullo
527 395 629 436 fecit
672 409 807 449 neque
847 410 940 436 eam
977 395 1201 449 pecuniam
1240 395 1421 444 rettulit,

78 469 215 508 neque
235 454 317 495 hoc
342 468 526 508 parvum
552 453 713 495 crimen
740 468 864 507 quem
891 454 944 495 ad
970 454 1143 495 modum
1171 453 1419 494 defensurus

80 514 154 567 sit,
186 513 315 554 homo
350 513 576 567 quisquam
607 527 809 566 umquam
842 512 1117 568 excogitabit.

44 583 60 607 5
170 572 291 620 Quod
318 586 413 613 cum
439 571 501 612 ita
527 572 595 623 sit,
622 571 749 612 audes
781 571 917 612 dicere
943 574 986 612 te
1013 585 1171 626 magno
1199 570 1395 612 decumas
1426 579 1489 610 115>

78 630 337 684 vendidisse,
375 645 472 672 cum
510 630 566 671 sit
604 629 877 684 perspicuum
914 632 957 670 te
995 630 1109 671 bona
1139 629 1421 683 fortiuiasque

79 692 300 731 aratorum
331 703 417 730 non
449 688 599 743 populi
624 687 819 741 Romani,
853 688 926 729 sed
957 689 1022 729 tui
1057 691 1260 743 quaestus
1294 703 1422 730 causa

78 748 350 789 vendidisse?
406 746 484 800 Ut,
524 747 561 787 si
600 747 672 800 qui
709 747 860 788 vilicus
902 761 950 787 ex
987 761 1035 788 eo
1067 747 1217 802 fundo,
1256 747 1328 801 qui
1362 761 1421 788 se-

80 806 230 847 stertia
262 806 370 847 dena
401 805 665 859 meritasset,
701 805 851 846 excisis
886 806 1112 846 arboribus
1146 821 1194 847 ac
1225 806 1422 859 venditis,

29 874 60 898 10
81 864 264 919 demptis
301 864 480 919 tegulis,
516 864 822 917 instrumento,
860 879 1011 918 pecore
1045 864 1310 918 abalienato,
1349 865 1421 905 do-

79 924 194 965 mino
222 936 285 964 XX
312 923 433 964 milia
457 937 680 964 nummum
705 937 783 978 pro
811 935 841 963 X
868 923 1048 977 miserit,
1081 923 1162 964 sibi
1190 923 1274 964 alia
1302 938 1421 977 prae-

79 985 198 1024 terea
235 984 405 1023 centum
445 981 692 1035 confecerit,
732 982 872 1036 primo
912 982 1108 1022 dominus
1146 982 1323 1037 ignarus
1362 982 1422 1021 in-

80 1041 292 1083 commodi
319 1041 384 1081 sui
411 1041 596 1096 gaudeat
627 1040 840 1095 vilicoque
874 1041 1120 1094 delectetur,
1153 1041 1265 1094 quod
1297 1043 1421 1081 tanto

79 1100 176 1155 plus
204 1100 287 1141 sibi
314 1100 519 1141 mercedis
548 1114 597 1141 ex
625 1099 756 1140 fundo
790 1100 996 1141 refectum
1030 1100 1100 1153 sit,
1133 1099 1293 1152 deinde,
1327 1113 1421 1140 cum

30 1167 62 1192 ¹5
82 1159 264 1200 audierit
297 1173 367 1200 eas
400 1172 480 1212 res,
513 1158 667 1212 quibus
699 1158 820 1198 fundi
851 1158 1015 1199 fructus
1049 1161 1092 1199 et
1124 1158 1292 1199 cultura
1327 1172 1422 1198 con-

80 1218 254 1271 tinetur,
287 1220 454 1258 amotas
488 1220 530 1258 et
561 1217 770 1270 venditas,
802 1232 969 1258 summo
1003 1217 1214 1271 supplicio
1246 1216 1421 1257 vilicum

82 1276 242 1318 afficiat
268 1278 311 1316 et
337 1290 479 1317 secum
506 1276 618 1317 male
645 1278 788 1317 actum
820 1278 960 1330 putet:
992 1276 1093 1316 item
1128 1275 1314 1330 populus
1341 1275 1422 1315 Ro-

81 1349 244 1388 manus,
271 1350 366 1376 cum
388 1335 507 1376 audit
531 1334 667 1389 pluris
696 1335 893 1376 decumas
919 1334 1160 1376 vendidisse
1181 1333 1226 1375 C.
1241 1333 1422 1375 Verrem

82 1409 209 1448 quam
234 1393 633 1435 innocentissimum
658 1393 889 1447 hominem,
922 1393 988 1434 eui
1018 1393 1101 1433 iste
1134 1392 1351 1445 successit,
1378 1391 1422 1433 C.

29 1461 62 1486 20
82 1452 367 1506 Sacerdotem,
398 1455 524 1507 putat
551 1467 594 1493 se
626 1452 787 1493 bonum
818 1452 864 1493 in
896 1452 1162 1493 arationibus
1194 1451 1423 1492 fructibus-

83 1527 163 1566 que
196 1512 282 1553 suis
314 1511 516 1553 habuisse
549 1511 769 1552 custodem
802 1525 850 1552 ac
881 1511 1072 1564 vilicum3
1113 1525 1208 1552 cum
1241 1510 1422 1550 senserit

81 1571 213 1612 istum
253 1584 376 1611 omne
410 1570 746 1611 instrumentum
779 1572 1016 1623 aratorum,
1056 1569 1200 1610 omnia
1232 1568 1424 1609 subsidia

82 1629 360 1685 vectigalium
387 1629 640 1683 vendidisse,
672 1643 841 1670 omnem
872 1643 991 1683 spem
1023 1627 1293 1683 posteritatis
1328 1642 1423 1668 ava-

82 1688 184 1729 ritia
234 1702 310 1729 sua
360 1687 605 1740 sustulisse,
656 1687 871 1728 arationes
918 1689 960 1728 et
1010 1701 1137 1742 agros
1188 1686 1423 1741 vectigales

30 1755 63 1780 25
82 1750 276 1788 vastasse
323 1749 450 1800 atque
490 1746 746 1800 exinanisse,
789 1746 931 1800 ipsum
970 1746 1179 1787 maximos
1220 1747 1423 1799 quaestus

3 1809 6 1814 '
82 1806 347 1861 praedasque
382 1805 552 1858 fecisse,
590 1805 816 1860 intelleget
855 1819 995 1846 secum
1034 1819 1125 1845 esse
1158 1806 1300 1845 actum
1332 1818 1424 1858 pes-

84 1865 202 1917 sime,
221 1864 354 1905 istum
372 1866 515 1905 autem
534 1878 699 1905 summo
722 1863 932 1918 supplicio
951 1863 1128 1918 dignum
1147 1862 1423 1904 existimabit.

170 1922 294 1965 Unde
321 1937 424 1978 ergo
449 1923 532 1964 hoc
559 1922 756 1978 intellegi
782 1923 954 1977 potest?
1005 1922 1070 1963 Ex
1096 1922 1177 1963 hoc
1203 1921 1402 1975 maxime,
1431 1947 1495 1978 120

85 1982 197 2037 quod
224 1996 326 2037 ager
352 1982 610 2023 decumanus
636 1981 879 2036 provinciae
901 1980 1071 2022 Siciliae
1097 1983 1274 2035 propter
1299 1980 1424 2021 istius

33 2050 66 2075 30
86 2041 314 2082 avaritiam
352 2040 544 2081 desertus
584 2043 661 2082 est.
721 2040 870 2094 Neque
908 2040 951 2081 id
991 2040 1130 2081 solum
1170 2039 1341 2092 accidit,
1379 2041 1427 2079 ut

83 2100 115 2140 ii
144 2100 283 2141 minus
318 2099 467 2140 multis
500 2099 613 2154 iugis
647 2102 831 2152 ararent,
864 2099 900 2139 si
933 2099 1005 2153 qui
1036 2100 1081 2140 in
1114 2098 1230 2153 agris
1262 2112 1427 2138 reman-

86 2161 250 2212 serunt,
301 2158 373 2199 sed
422 2158 552 2199 etiam
595 2159 644 2198 ut
688 2157 893 2212 permulti
936 2158 1172 2212 locupletes
1218 2156 1427 2209 homines,

86 2217 232 2273 magni
271 2220 313 2258 et
352 2217 482 2272 gnavi
521 2219 732 2270 aratores,
771 2230 898 2271 agros
931 2217 1044 2258 latos
1078 2231 1126 2257 ac
1156 2216 1323 2256 fertiles
1358 2215 1426 2255 de-

86 2279 275 2317 sererent
318 2278 519 2330 totasque
565 2275 778 2317 arationes
818 2275 1173 2329 derelinquerent.
1234 2273 1283 2314 Id
1322 2274 1426 2315 adeo

35 2343 67 2369 35
87 2335 186 2376 sciri
228 2335 433 2376 facillime
477 2336 622 2389 potest
665 2348 715 2375 ex
758 2334 915 2375 litteris
959 2333 1144 2388 publicis
1190 2333 1427 2387 civitatum,

86 2396 315 2448 propterea
336 2394 449 2448 quod
469 2394 564 2448 lege
583 2392 815 2434 Hieronica
834 2407 1035 2434 numerus
1060 2394 1280 2433 aratorum
1307 2398 1428 2445 quot-

87 2452 210 2493 annis
249 2452 362 2508 apud
399 2453 683 2508 magistratus
720 2451 890 2507 publice
928 2451 1222 2493 subscribitur.
1278 2450 1428 2492 Recita
