1618 2584
370 260 456 296 LIB.
484 260 517 293 ΙΙ
561 261 660 295 CAP.
688 265 825 295 56—59
853 264 870 301 ξ
901 264 1096 295 139-144,
1313 260 1395 301 ,⁶251

61 358 198 410 niumg
224 357 260 397 si
279 356 360 398 hoc
380 356 608 397 intervallo
635 371 721 398 non
747 356 1072 410 consumpserit,
1098 358 1190 396 tum
1218 355 1398 408 denique

58 429 216 456 nomen
248 415 336 455 eius
371 415 419 455 de
452 416 641 468 pecuniis
674 415 920 469 repetundis
953 417 1195 455 statuarum
1226 414 1398 454 nomine

60 474 308 514 deferemus.
365 473 478 514 Reus
508 477 572 514 est
605 474 801 514 maximis
835 473 1116 527 plurimisque
1149 472 1399 513 criminibus

59 532 104 573 in
141 532 343 573 iudicium
381 535 576 584 vocatus3
614 532 686 572 HS
724 532 882 573 viciens
921 546 971 572 ex
1007 531 1089 572 1100
1126 545 1209 572 11110
1244 545 1398 585 genere

24 594 234 645 scaptum
271 591 475 631 videmus.
539 589 583 630 Si
616 590 922 631 condemnatus
956 590 1056 643 eris,
1093 604 1196 643 non,
1236 589 1399 642 opinor,

59 649 102 689 id
141 663 260 703 ages,
299 652 346 689 ut
383 649 467 689 ista
506 649 683 702 pecunia
719 649 764 689 in
803 649 1090 702 quinquennio
1123 650 1400 689 consumatur

59 708 103 748 in
142 708 316 760 statuis3
356 708 423 747 sin
462 707 685 747 absolutus
725 707 826 758 eris,
866 708 959 761 quis
1000 707 1080 747 erit
1115 710 1207 747 tam
1240 720 1399 759 amens,

61 767 132 820 qui
159 770 201 806 te
228 781 277 806 ex
303 768 370 806 tot
396 766 615 819 tantisque
643 765 893 806 criminibus
920 766 1114 819 elapsum
1145 768 1245 819 post
1278 765 1399 818 quin-

60 825 290 878 quennium
322 826 563 864 statuarum
595 824 767 865 nomine
800 824 1017 864 arcessat?
1073 823 1159 877 Ita,
1196 824 1232 864 si
1263 837 1400 876 neque

23 894 40 919 0
60 883 196 924 adhuc
235 885 490 936 consumpta
528 885 593 923 est
627 882 713 923 ista
745 883 924 936 pecunia
956 885 998 922 et
1031 885 1096 923 est
1127 882 1400 936 perspicuum

58 955 145 982 non
171 944 474 994 consumptum
500 941 564 994 iri,
596 941 697 981 licet
723 941 809 981 iam
841 941 1146 995 intellegamus
1179 941 1401 981 inventam

61 1014 152 1041 esse
190 1000 419 1052 rationem,
460 1014 590 1053 quare
628 1003 670 1039 et
707 1000 789 1040 iste
821 998 894 1040 HS
930 1000 1087 1040 viciens
1121 1014 1171 1039 ex
1202 999 1284 1040 hoc
1315 1013 1399 1039 uno

60 1073 214 1114 genere
247 1058 486 1099 conciliarit
519 1060 561 1099 et
594 1058 754 1112 ceperit
786 1061 828 1098 et
860 1058 1008 1111 ceteri,
1042 1058 1078 1098 si
1109 1057 1190 1099 hoc
1223 1073 1247 1098 a
1279 1058 1399 1098 vobis

60 1117 141 1158 erit
181 1117 526 1171 comprobatum,
565 1132 694 1170 quam
726 1117 871 1157 volent
903 1131 1083 1171 magnas
1115 1116 1196 1157 1100
1227 1116 1400 1157 1101111110

24 1187 39 1213 5
59 1176 260 1230 pecunias
299 1190 449 1230 capere
482 1175 668 1229 possint3
706 1178 754 1215 ut
786 1175 870 1215 iam
903 1175 1124 1216 videamur
1154 1189 1241 1216 non
1273 1190 1298 1215 a
1328 1189 1400 1229 pe-

60 1234 193 1275 cuniis
227 1234 448 1288 capiundis
480 1234 674 1275 homines
709 1234 961 1287 absterrere,
997 1234 1081 1287 sed,
1114 1248 1209 1274 cum
1243 1247 1401 1288 genera

61 1293 269 1347 quaedam
289 1293 564 1347 pecuniarum
586 1293 892 1347 capiundarum
920 1292 1302 1346 comprobarimus,
1328 1291 1401 1332 ho-

58 1355 182 1393 nesta
219 1351 394 1392 nomina
431 1351 693 1406 turpissimis
732 1351 859 1392 rebus
897 1351 1129 1405 imponere.
1191 1350 1377 1403 Etenim,
1406 1358 1472 1388 143

61 1411 97 1451 si
124 1409 168 1451 C.
182 1409 339 1451 Verres
366 1408 438 1451 HS
464 1412 499 1451 ὅ
524 1410 732 1464 populum
758 1409 878 1451 verbi
906 1410 1047 1465 gratia
1074 1408 1401 1463 Centuripinum

25 1480 40 1505 0
60 1469 329 1523 poposcisset
361 1483 539 1522 eamque
572 1469 625 1509 ab
658 1468 710 1509 iis
743 1468 967 1523 pecuniam
1001 1468 1271 1521 abstulisset,
1302 1481 1400 1519 non,

60 1528 223 1582 opinor,
251 1530 362 1568 esset
390 1528 577 1580 dubium,
605 1527 707 1580 quin
734 1542 840 1579 011111,
874 1542 970 1568 011111
995 1527 1038 1567 id
1063 1527 1241 1580 planum
1267 1526 1401 1579 fieret,

61 1586 336 1627 condemnari
360 1600 532 1627 necesse
566 1588 690 1626 esset.
743 1585 879 1633 Quid?
914 1586 951 1626 si
983 1585 1162 1626 eundem
1193 1585 1400 1638 populum

60 1643 132 1685 HS
160 1646 217 1685 ff:
249 1644 447 1698 poposcit
480 1658 612 1697 eaque
645 1644 787 1698 coegit
821 1647 949 1697 atque
983 1643 1177 1697 abstulit,
1208 1658 1311 1683 num
1343 1643 1402 1683 id-

60 1703 171 1744 circo
211 1703 478 1756 absolvetur,
518 1702 630 1756 quod
669 1703 904 1756 ascriptum
944 1705 1008 1743 est
1047 1717 1138 1743 eam
1175 1702 1401 1755 pecuniam

25 1771 41 1797 5
62 1762 206 1802 datam
235 1764 477 1802 statuarum
502 1761 703 1802 nomine?
755 1760 866 1814 Non,
899 1761 1068 1814 opinor3
1099 1760 1185 1801 nisi
1215 1760 1328 1800 forte
1359 1760 1403 1800 id

61 1820 247 1874 agimus,
289 1834 376 1860 non
420 1822 469 1860 ut
512 1819 842 1874 magistratibus
885 1819 1048 1859 nostris
1093 1833 1259 1860 moram
1298 1819 1402 1859 acci-

59 1878 224 1933 piundi,
263 1879 336 1919 sed
373 1880 422 1919 ut
461 1878 586 1919 sociis
620 1892 793 1918 causam
826 1878 954 1918 dandi
986 1877 1137 1918 afferre
1168 1876 1401 1918 videamur.

148 1936 309 1984 Quodsi
347 1951 473 1990 quem
512 1939 681 1977 statuae
720 1950 878 1991 magno
918 1950 1045 1990 opere
1084 1936 1316 1988 delectant,
1361 1938 1404 1976 et

61 1995 98 2036 si
118 1996 211 2049 quis
233 2010 380 2036 earum
400 1995 561 2036 honore
590 1998 663 2035 aut
690 1995 831 2049 gloria
858 1995 1037 2048 ducitur,
1063 1994 1099 2035 is
1126 1994 1232 2035 haec
1257 1996 1403 2034 tamen

25 2066 41 2090 0
60 2054 297 2095 constituat
316 2068 489 2094 necesse
511 2056 587 2106 est,
613 2053 798 2107 primum
820 2054 957 2094 averti
977 2053 1201 2107 pecuniam
1229 2053 1403 2093 domum

58 2127 144 2153 non
173 2113 353 2167 placere,
387 2112 536 2153 deinde
568 2112 760 2165 ipsarum
794 2115 1036 2152 statuarum
1069 2112 1242 2152 modum
1277 2126 1403 2164 quen-

60 2171 157 2212 dam
186 2186 277 2212 esse
305 2174 515 2225 oportere,
549 2170 698 2211 deinde
725 2171 844 2222 illud,
877 2172 990 2211 certe
1024 2170 1077 2211 ab
1109 2170 1256 2210 invitis
1290 2169 1403 2224 exigi

58 2243 145 2271 non
183 2233 392 2284 oportere.
455 2229 519 2271 Ac
552 2229 601 2269 de
635 2229 866 2270 avertenda
897 2229 1078 2282 pecunia
1111 2242 1267 2282 quaero
1302 2228 1377 2268 abs

59 2290 119 2341 te,
157 2291 302 2329 utrum
340 2288 459 2342 ipsae
495 2288 691 2329 civitates
725 2288 878 2328 solitae
912 2288 998 2327 sint
1030 2290 1197 2328 statuas
1229 2286 1311 2327 tibi
1342 2286 1402 2327 fa-

25 2358 40 2383 5
61 2347 230 2388 ciendas
261 2348 402 2388 locare
436 2347 491 2400 ei,
529 2347 596 2388 cui
627 2350 804 2400 possent
837 2346 1000 2400 optima
1032 2345 1295 2399 condicione,
1329 2348 1402 2386 aut

61 2405 247 2459 aliquem
274 2408 596 2460 procuratorem
624 2405 865 2459 praeficere,
900 2406 971 2458 qui
1003 2404 1159 2445 statuis
1191 2403 1401 2445 faciundis

59 2467 288 2518 praeesset,
322 2479 377 2505 an
403 2464 496 2518 tibi,
530 2467 601 2505 aut
636 2464 702 2505 eui
733 2466 781 2504 tu
812 2464 1089 2518 imperasses,
1122 2463 1401 2503 adnumerare

1418 2208 1472 2249 59

1409 2260 1473 2289 144
