1618 2584
98 286 156 328 60

100 338 180 371 134.

103 1138 169 1169 135
197 1129 358 1171 solacia
385 1128 618 1170 servitutis.
664 1127 772 1176 Quid
799 1126 1072 1168 arbitramini
1098 1125 1300 1181 Reginos,
1327 1126 1399 1181 qui
1426 1126 1511 1167 iam
1534 1138 1565 1165 15
1590 1131 1618 1171 ἐξ

102 2046 155 2087 61

105 2098 169 2128 13¹6

168 209 255 249 420
569 208 619 242 IN
647 209 684 243 C.
705 207 909 241 VERREM
935 207 1041 242 ACT.
1068 208 1111 242 ΙΙ.

258 304 537 347 Acerbiorem
576 304 706 345 etiam
745 303 897 344 scitote
935 317 1027 344 esse
1066 303 1313 345 civitatibus
1351 303 1508 345 falsam

169 364 300 406 istam
344 367 387 405 et
431 363 679 404 simulatam
722 362 1000 416 emptionem,
1045 376 1174 415 quam
1212 362 1248 403 si
1287 363 1359 416 qui
1397 363 1507 404 clam

169 422 383 477 subripiat
413 425 486 463 aut
519 421 673 475 eripiat
706 421 849 475 palam
883 423 1011 474 atque
1044 420 1222 462 auferat.
1277 421 1390 462 Nam
1423 425 1509 462 tur-

168 482 408 537 pitudinem
439 495 651 521 summam
679 494 770 520 esse
797 479 1065 520 arbitrantur
1090 478 1241 520 referri
1265 479 1310 520 in
1335 480 1508 521 tabulas

168 541 363 596 publicas
402 539 542 594 pretio
581 538 808 580 adductam
840 538 1079 592 civitatem,
1117 540 1160 579 et
1191 538 1330 592 pretio
1363 554 1510 593 parvo,
1530 554 1545 579 5

170 615 237 653 ea,
288 612 396 653 quae
446 598 681 652 accepisset
725 612 750 638 a
793 597 1047 650 maioribus,
1097 596 1337 638 vendidisse
1382 600 1510 652 atque

170 658 451 700 abalienasse.
495 656 666 698 Etenim
689 656 930 697 mirandum
951 655 996 696 in
1015 655 1190 697 modum
1211 654 1362 698 Graeci
1382 657 1510 697 rebus

169 717 284 769 istis,
339 730 445 771 quas
494 730 573 757 nos
623 715 955 768 contemnimus,
1006 714 1285 756 delectantur.
1358 713 1511 769 Itaque

170 775 354 817 maiores
380 774 518 816 nostri
542 774 668 816 facile
697 774 975 828 patiebantur
1005 773 1110 814 haec
1143 787 1234 814 esse
1267 773 1379 828 apud
1410 773 1511 815 illos

171 849 299 889 quam
332 834 536 889 plurima,
575 833 686 888 apud
720 832 876 886 socios,
907 834 956 873 ut
986 832 1167 886 imperio
1199 834 1349 873 nostro
1383 847 1511 886 quam
1534 845 1566 870 10
1588 870 1589 875 ,
1611 853 1617 875 1⁴

171 893 451 935 ornatissumi
482 891 874 945 florentissumique
907 893 1065 943 essent3
1105 890 1218 945 apud
1250 905 1321 932 eos
1355 894 1512 945 autem,

172 967 278 1006 quos
304 951 530 1007 vectigalis
558 953 633 992 aut
662 950 965 1004 stipendiarios
996 949 1199 1002 fecerant,
1231 952 1377 991 tamen
1407 950 1513 992 haec

170 1011 491 1065 relinquebant,
522 1012 571 1051 ut
602 1010 684 1063 illi,
717 1009 871 1063 quibus
903 1009 1009 1050 haec
1040 1008 1223 1050 iucunda
1255 1011 1372 1062 sunt,
1405 1023 1512 1063 quae

171 1070 295 1112 nobis
334 1070 448 1111 levia
484 1069 701 1121 videntur,
738 1068 947 1109 haberent
981 1067 1087 1109 haec
1120 1067 1438 1109 oblectamenta
1471 1071 1513 1109 et

171 1189 284 1229 cives
312 1188 497 1229 Romani
525 1189 636 1239 sunt,
670 1200 831 1227 merere
864 1185 987 1239 velle,
1020 1188 1068 1226 ut
1101 1185 1153 1226 ab
1187 1185 1239 1226 iis
1272 1200 1514 1227 marmorea

169 1247 316 1288 Venus
354 1247 432 1288 illa
470 1245 717 1287 auferatur?
762 1244 863 1298 quid
901 1244 1175 1297 Tarentinos,
1214 1246 1262 1284 ut
1293 1243 1513 1299 Europam

170 1307 215 1347 in
240 1309 365 1347 tauro
394 1305 610 1356 amittant,
642 1307 690 1345 ut
718 1303 932 1357 Satyrum,
966 1303 1037 1357 qui
1065 1303 1177 1357 apud
1203 1303 1302 1344 illos
1335 1303 1379 1344 in
1412 1304 1513 1345 aede

170 1364 330 1406 Vestae
363 1367 441 1418 est,
473 1367 520 1404 ut
552 1363 721 1405 cetera‘?
756 1362 855 1416 quid
888 1362 1186 1416 Thespienses,
1217 1365 1265 1403 ut
1292 1361 1513 1416 Cupidinis

172 1424 345 1479 siguum
378 1424 574 1477 [propter
607 1422 720 1475 quod
751 1436 882 1462 unum
914 1420 1111 1461 visuntur
1137 1420 1380 1475 Thespiae],
1413 1421 1513 1475 quid
1535 1434 1567 1459 20
1599 1435 1618 1466 ·’,«;

172 1482 365 1536 Cnidios,
408 1484 456 1522 ut
488 1480 699 1523 Venerem
742 1494 1045 1533 marmoream,
1090 1479 1210 1534 quid,
1254 1482 1301 1520 ut
1341 1479 1514 1534 pictam,

172 1541 301 1594 Coos,
336 1540 436 1595 quid
463 1540 693 1595 Ephesios,
726 1542 773 1580 ut
793 1538 1104 1591 Alexandrum,
1138 1538 1238 1593 quid
1272 1537 1514 1592 Cyzicenos,

172 1603 221 1641 ut
252 1599 429 1641 Aiacem
468 1602 543 1641 aut
580 1598 792 1651 Medeam,
838 1598 938 1651 quid
976 1597 1187 1651 Rhodios,
1225 1600 1273 1638 ut
1310 1596 1514 1652 Ialysum,

173 1659 275 1714 quid
295 1658 593 1711 Athenienses,
618 1661 667 1699 ut
687 1672 736 1698 ex
757 1671 970 1698 marmore
990 1657 1188 1698 Iacchum
1217 1659 1292 1698 aut
1312 1656 1513 1698 Paralum

172 1719 335 1773 pictum
374 1720 449 1759 aut
487 1732 537 1759 ex
575 1731 670 1758 aere
703 1715 894 1770 Myronis
928 1715 1157 1757 buculam?
1218 1714 1416 1771 Longum
1449 1719 1565 1757 est25
1613 1736 1618 1759 ,ς

172 1780 216 1818 et
252 1792 339 1818 non
375 1776 662 1818 necessarium
701 1788 1054 1828 commemorare,
1093 1788 1200 1828 quae
1240 1775 1351 1829 apud
1391 1789 1513 1828 quos-

173 1850 254 1890 que
292 1835 468 1877 visenda
507 1836 593 1876 sint
631 1837 726 1875 tota
758 1834 864 1875 Asia
901 1836 944 1874 et
982 1832 1179 1886 Graecia3
1219 1848 1367 1874 verum
1405 1833 1513 1874 illud

173 1897 250 1949 est,
277 1909 405 1948 quam
425 1895 484 1947 'ob
512 1908 600 1935 rem
628 1894 732 1934 hacc
759 1906 1101 1945 commemorem,
1129 1892 1241 1946 quod
1267 1892 1513 1934 existimare

172 1954 253 1995 hoc
284 1968 361 1995 vos
395 1954 512 2006 volo,
546 1952 701 1993 mirum
736 1951 947 2005 quendam
981 1951 1172 1992 dolorem
1206 1951 1396 2006 accipere
1429 1966 1513 2006 eos,

173 2027 223 2053 ex
257 2027 438 2066 quorum
470 1987 648 2053 uibibus
681 2010 786 2052 haec
819 2009 1080 2051 aufeiantur.
1532 2022 1563 2047 30
1596 2042 1617 2052 χ,

262 2072 406 2125 Atque
438 2074 487 2112 ut
520 2073 683 2112 ceteros
718 2069 982 2122 omittamus,
1015 2069 1064 2110 de
1097 2069 1202 2123 ipsis
1235 2067 1513 2135 Syracusanis

173 2130 430 2185 cognoscite.
486 2129 555 2171 Ad
600 2143 706 2184 quos
753 2143 831 2183 ego
870 2143 965 2170 cum
1004 2128 1233 2182 venissem,
1277 2127 1337 2170 sic
1375 2129 1512 2182 primo

173 2189 493 2241 existimabam,
531 2191 579 2230 ut
616 2164 801 2230 Romae&
820 2202 869 2228 ex
907 2187 1031 2227 istius
1070 2187 1217 2228 amicis
1257 2201 1513 2241 acceperam,

173 2248 390 2290 civitatem
431 2247 743 2301 Syracusanam
787 2248 962 2301 propter
1001 2245 1191 2287 Heraclii
1229 2245 1512 2287 hereditatem

172 2322 259 2348 non
280 2306 420 2348 minus
442 2321 534 2348 esse
554 2306 628 2347 isti
650 2306 843 2359 amicam,
868 2320 994 2359 quam
1014 2303 1316 2346 Mamertinam
1337 2307 1513 2359 propter
1531 2313 1562 2340 ³5
1598 2298 1599 2343 ζ

173 2365 431 2419 praedarum
459 2380 507 2407 ac
537 2366 751 2406 furtorum
785 2364 976 2405 omnium
1010 2364 1277 2417 societatem,
1311 2363 1438 2404 simul
1472 2365 1512 2405 et

174 2425 363 2474 vsu—ebar,
397 2440 448 2466 ne
475 2424 703 2466 mulierum
730 2423 940 2464 nobilium
969 2425 1010 2463 et
1038 2421 1325 2463 formosarum
1359 2422 1511 2474 gratia,
