1618 2584
104 523 145 555 15

109 1441 150 1472 16

114 2147 154 2178 17

171 216 258 258 434
566 214 618 249 IN
645 214 682 249 C.
708 213 912 249 VERREM
937 213 1043 249 ACT.
1069 213 1113 248 Π.

172 327 221 354 ea
260 311 472 353 facilitate
509 313 771 365 praetorem,
811 312 860 350 ut
899 310 952 351 ab
991 324 1040 351 eo
1080 324 1300 352 servorum
1341 309 1514 352 sceleris

172 370 564 424 coniurationisque
606 369 909 410 damnatorum
946 369 1038 410 vita
1075 369 1144 410 vel
1182 368 1277 422 ipso
1316 369 1514 410 carnifice

171 430 436 471 internuntio
468 427 779 469 redimeretur?

261 488 400 537 Quid?
444 488 525 528 hoe
561 486 607 528 in
632 484 933 541 Apolloniensi
958 485 1257 540 Aristodamo,
1295 486 1426 540 quid?
1471 486 1516 527 in

171 547 334 589 Leonte
377 545 671 587 Imacharensi
719 559 806 587 non
854 544 967 586 idem
1011 544 1182 587 fecisti?
1250 543 1389 593 Quid?
1432 545 1515 586 iste
1535 557 1552 583 5

173 609 316 648 motus
344 604 618 646 servitiorum
643 604 832 658 bellique
859 603 1004 645 subita
1037 603 1223 658 suspicio
1256 607 1402 645 utrum
1433 603 1516 644 tibi

172 665 348 706 tandem
375 663 645 719 diligentiam
672 662 974 705 custodiendae
1000 663 1246 717 provinciae
1273 677 1329 704 an
1359 676 1516 704 novam

172 723 385 765 rationem
422 722 731 778 inprobissumi
769 724 973 776 quaestus
1007 721 1186 763 attulit?
1241 720 1516 775 Halicyensis

172 781 456 835 Eumenidae,
496 781 653 824 nobilis
693 780 881 822 hominis
921 782 964 822 et
1000 780 1190 835 honesti,
1229 794 1411 835 magnae
1447 794 1517 834 pe-

174 841 322 884 cuniae
371 840 523 882 vilicus
573 855 668 882 cum
718 840 893 893 inpulsu
941 842 1017 881 tuo
1066 839 1341 880 insimulatus
1392 841 1517 893 esset,
1538 853 1570 878 io
1614 853 1618 876 1

172 898 246 942 HS
279 901 341 942 fx
374 915 399 941 a
437 898 609 941 domino
649 898 869 953 accepisti,
908 898 1020 952 quod
1057 913 1193 953 nuper
1226 898 1319 953 ipse
1349 897 1516 939 iuratus

175 959 319 1001 docuit
366 973 491 1013 quem
537 958 590 999 ad
634 958 808 1000 modum
853 960 1022 1013 gestum
1068 959 1192 998 esset.
1260 957 1329 998 Ab
1375 956 1518 1011 equite

173 1019 369 1060 Romano
415 1016 460 1059 C.
491 1016 696 1058 Matrinio
741 1017 937 1070 absente,
981 1031 1077 1058 cum
1118 1016 1154 1057 is
1193 1018 1306 1057 esset
1342 1015 1518 1070 Romae,

176 1078 290 1132 quod
340 1076 430 1119 eius
479 1075 631 1118 vilicos
681 1078 963 1130 pastoresque
1014 1075 1095 1116 tibi
1138 1074 1183 1116 in
1230 1074 1518 1129 suspicionem

176 1136 343 1178 venisse
364 1136 544 1189 dixeras,
570 1132 643 1175 HS
662 1136 724 1176 bc
746 1134 978 1176 abstulisti.
1024 1133 1146 1174 Dixit
1171 1134 1253 1175 hoc
1272 1133 1317 1175 L.
1331 1133 1517 1188 Flavius,
1538 1145 1571 1172 15
1614 1148 1618 1171 ι

177 1195 250 1250 qui
281 1195 363 1236 tibi
396 1209 490 1236 eam
522 1193 747 1249 pecuniam
779 1192 1040 1247 numeravit,
1073 1195 1327 1247 procurator
1360 1191 1404 1234 O.
1430 1191 1518 1233 Ma-

175 1254 297 1308 trini,
336 1253 443 1294 dixit
482 1253 574 1307 ipse
609 1252 857 1305 Matrinius,
896 1251 999 1293 dicit
1031 1251 1096 1293 vir
1127 1251 1410 1306 clarissimus,
1443 1251 1517 1293 Cn.

175 1313 384 1355 Lentulus
430 1326 598 1366 censor,
644 1311 716 1365 qui
753 1310 931 1352 Matrini
975 1310 1152 1352 honoris
1191 1325 1319 1352 causa
1356 1310 1519 1352 recenti
1581 1325 1586 1332 ·

175 1372 351 1428 negotio
385 1371 438 1412 ad
470 1373 513 1412 te
546 1370 715 1411 litteras
749 1370 868 1411 misit
900 1369 1217 1424 mittendasque
1250 1369 1427 1411 curavit.

267 1430 406 1480 Quid?
451 1429 501 1471 de
533 1429 787 1484 Apollonio,
829 1428 972 1470 Diocli
1014 1428 1124 1483 filio,
1167 1428 1519 1482 Panhormitano,
1539 1441 1572 1467 20
1614 1442 1618 1465 ι

178 1489 245 1532 cui
277 1489 459 1531 Gemino
492 1502 732 1544 cognomen
763 1490 842 1541 est,
873 1486 1099 1542 praeteriri
1130 1487 1303 1541 potest?
1352 1487 1518 1541 Ecquid

178 1549 258 1590 hoc
283 1550 379 1590 tota
404 1545 551 1589 Sicilia
577 1547 747 1600 clarius,
774 1546 924 1601 ecquid
948 1545 1179 1602 indignius,
1211 1545 1360 1600 ecquid
1387 1546 1519 1587 mani-

179 1607 331 1649 festius
363 1606 548 1661 proferri
582 1606 755 1660 potest?
813 1604 960 1659 Quem,
991 1608 1040 1646 ut
1065 1604 1359 1647 Panhormum
1390 1606 1519 1659 venit,

179 1666 232 1708 ad
276 1681 320 1707 se
364 1664 509 1707 vocari
553 1667 597 1706 et
641 1665 691 1706 de
735 1664 945 1706 tribunali
985 1664 1110 1706 citari
1147 1664 1275 1705 iussit
1312 1678 1520 1706 concursu

180 1739 337 1781 magno
395 1723 723 1778 frequentiaque
778 1725 1026 1766 conventus.
1104 1722 1312 1764 Homines
1369 1723 1518 1765 statim
1539 1734 1572 1761 2⁵
1600 1736 1618 1760 εει

179 1784 314 1839 loqui:
355 1783 582 1836 ‘Mil-abar,
621 1782 734 1837 quod
772 1782 1048 1836 Apollonius,
1086 1781 1216 1824 homo
1254 1782 1519 1837 pecuniosus,

181 1847 270 1885 tam
308 1842 380 1884 diu
418 1843 471 1883 ab
509 1842 595 1883 isto
634 1844 827 1883 maneret
861 1841 1046 1896 integer3
1085 1840 1346 1896 excogitavit
1375 1841 1519 1883 nescio

181 1902 299 1957 quid,
343 1901 511 1955 attulit,
554 1899 747 1955 profecto
791 1900 920 1941 homo
960 1900 1077 1941 dives
1116 1902 1291 1953 repente
1329 1915 1355 1941 a
1385 1899 1519 1942 Verre

179 1975 265 2002 non
292 1960 383 2001 sine
410 1974 539 2001 causa
564 1958 750 2001 citatur.²
799 1958 1055 2014 Expectatio
1089 1973 1256 2000 summa
1284 1958 1520 2014 hominum,

182 2019 385 2075 quidnam
427 2018 471 2059 id
515 2020 646 2072 esset,
690 2033 785 2060 cum
830 2017 1097 2059 exanimatus
1142 2017 1285 2059 subito
1328 2018 1420 2073 ipse
1456 2029 1572 2060 att-3⁰

180 2078 315 2121 currit
346 2092 443 2120 cum
475 2077 746 2118 adulescente
777 2076 886 2131 fi1i03
921 2091 1021 2118 nam
1052 2079 1176 2131 pater
1208 2076 1383 2132 grandis
1415 2079 1521 2118 natu
1597 2102 1600 2135 3

183 2138 268 2179 iam
295 2137 366 2178 diu
391 2137 504 2178 lecto
535 2136 774 2178 tenebatur.
828 2136 1037 2177 Nominat
1067 2135 1149 2176 iste
1183 2150 1363 2190 servum,
1396 2150 1521 2190 quem

184 2196 440 2252 magistrum
473 2195 638 2250 pecoris
672 2209 763 2236 esse
797 2194 972 2248 diceret3
1013 2209 1108 2235 eum
1141 2194 1244 2236 dicit
1276 2194 1521 2236 coniurasse
1597 2138 1600 2246 t

182 2258 225 2297 et
264 2254 451 2296 familias
490 2254 739 2297 concitasse.
797 2253 839 2295 Is
878 2253 1050 2295 omnino
1090 2267 1237 2295 servus
1274 2252 1318 2294 in
1354 2252 1522 2295 familia
1598 2249 1600 2289 Ι

181 2329 269 2356 non
313 2317 417 2355 erat.
484 2313 596 2355 Eum
641 2313 790 2355 statim
835 2312 1026 2354 exhiberi
1069 2312 1198 2353 iubet.
1261 2294 1601 2366 Apolloniusasl

184 2373 410 2414 adfirmare
448 2386 493 2414 se
532 2372 705 2414 omnino
743 2372 914 2414 nomine
951 2371 1028 2412 illo
1061 2385 1230 2412 servum
1262 2370 1422 2412 habere
1452 2385 1521 2413 ne·
1598 2353 1601 2475 ἱ

1599 2479 1602 2496 Ι

183 2431 354 2473 minem.
414 2430 503 2473 Iste
540 2431 758 2473 hominem
798 2430 938 2484 abripi
978 2445 1002 2470 a
1040 2429 1248 2470 tribunali
1280 2432 1323 2471 et
1353 2430 1399 2470 in
1430 2444 1520 2471 car-
