1675 2574
456 88 558 123 CAP.
588 92 725 124 18—20
749 92 768 131 ξ
794 92 943 124 51-57.
1323 89 1379 129 49

39 184 241 229 davitne?
287 183 433 225 ‘Non'
479 183 593 232 Quis
625 184 875 239 prohibuit?
920 183 1197 238 ‘Cogitabat'
1254 183 1379 240 Cogi-

40 243 192 287 tabat‘?
223 242 290 284 cui
315 242 451 283 dixit?
485 242 700 284 ‘Nemini'
757 242 866 291 Quid
897 244 963 284 est
995 242 1110 284 aliud
1142 242 1298 284 iudicio
1331 258 1379 285 ac

7 307 9 314 ¹
41 302 209 358 legibus
236 315 284 342 ac
316 301 542 342 maiestate
575 304 719 343 vestra
752 301 872 342 abuti
904 301 957 342 ad
989 303 1217 355 quaestum
1249 304 1379 355 atque

8 362 9 366 ’
41 360 94 403 ad
119 359 352 412 libidinem,
380 359 464 399 nisi
490 359 572 401 hoc
598 360 723 401 modo
751 374 951 402 accusare
977 362 1105 413 atque
1132 359 1175 400 id
1200 359 1380 414 obicere,

8 415 11 447 2
41 418 153 474 quod
184 417 361 472 planum
392 417 531 459 facere
563 432 649 459 non
681 418 807 460 modo
839 433 925 460 non
955 418 1114 473 possis,
1148 432 1296 459 verum
1328 432 1381 460 ne

40 476 203 520 coneris
231 475 431 530 quidem?
474 475 613 517 Nemo
639 479 836 517 nostrum
863 479 940 531 est,
968 476 1110 530 Eruci,
1143 476 1246 530 quin
1273 476 1380 518 sciat

39 535 120 577 tibi
159 533 406 576 inimicitias
445 549 541 575 cum
580 534 673 576 Sex,
705 534 860 576 Roscio
899 535 1042 577 nullas
1080 548 1191 589 esse3
1233 535 1381 576 vident

10 607 204 646 omnes,
256 607 340 647 qua
381 592 431 633 de
475 607 604 634 causa
647 593 746 634 huic
789 593 985 635 inimicus
1030 594 1194 647 venias3
1241 594 1381 635 sciunt

10 651 213 694 huiusce
255 650 435 706 pecunia
471 653 514 692 te
559 651 787 692 adductum
825 666 928 693 esse.
998 651 1108 701 Quid
1145 666 1248 708 ergo
1286 653 1381 694 est?

10 710 12 723 ”
40 709 108 753 Ita
133 713 278 751 tamen
305 712 506 764 quaestus
532 711 576 750 te
601 709 801 764 cupidum
828 724 919 751 esse
952 711 1194 765 oportebat,
1225 713 1274 752 ut
1305 711 1382 753 ho-

38 783 134 811 rum
173 768 535 809 existimationem
573 770 617 809 et
654 768 795 823 legem
826 768 1068 810 Remmiam
1099 772 1274 824 putares
1307 770 1383 811 ali-

41 827 142 882 quid
173 827 316 868 valere
347 829 558 881 oportere.

12 946 157 988 metu
194 945 466 986 contineatur
503 944 697 997 audacia3
734 958 883 985 verum
921 947 1067 985 tamen
1103 945 1185 987 hoc
1221 946 1286 987 ita
1317 949 1384 987 est

41 1003 167 1057 utile,
198 1005 327 1060 ut'ne
358 1003 486 1056 plane
517 1002 749 1047 illudamur
783 1003 836 1044 ab
869 1004 1203 1045 accusatoribus.
1258 1004 1383 1047 Inno-

40 1076 137 1104 cens
169 1063 235 1102 est
267 1061 499 1116 quispiam,
533 1076 687 1105 verum.
713 1064 876 1115 tamen,
909 1076 1170 1116 quamquain
1203 1063 1326 1104 abest
1358 1078 1384 1104 a

39 1120 183 1175 culpa,
222 1120 462 1174 suspicione
499 1122 646 1161 tamen
679 1134 766 1161 non
797 1122 931 1174 caret3
969 1120 1146 1162 tametsi
1177 1122 1382 1163 miserum

16 1237 272 1293 ignoscere.
316 1235 424 1278 Cum
451 1237 564 1278 enim
590 1237 753 1291 aliquid
782 1237 954 1291 habeat,
986 1237 1101 1291 quod
1132 1237 1272 1292 possit
1302 1238 1383 1280 cri-

40 1296 204 1338 minose
230 1309 279 1337 ac
305 1295 539 1350 suspiciose
566 1295 714 1349 dicer,e
747 1299 893 1350 apeite
919 1296 1132 1337 ludificari
1157 1299 1200 1338 et
1226 1297 1383 1338 calum

37 1355 150 1396 niari
169 1354 307 1396 sciens
333 1369 419 1396 non
443 1354 651 1395 videatur.
700 1329 840 1402 Quare
864 1354 991 1396 facile
1018 1369 1165 1396 omnes
1190 1356 1383 1410 patimur

18 1423 21 1457 I
41 1427 133 1455 esse
154 1427 282 1467 quam
302 1413 512 1467 plurimos
534 1415 814 1466 accusatores,
835 1413 979 1467 quod
967 1428 1184 1468 innocens,
1204 1414 1241 1455 si
1262 1429 1383 1457 accu-

41 1475 160 1514 satus
187 1472 255 1524 sit,
287 1471 454 1513 absolvi
479 1474 637 1526 potest,
667 1486 836 1525 nocens,
869 1471 952 1512 nisi
983 1475 1208 1514 accusatus
1239 1472 1385 1526 fuerit,

41 1530 316 1572 condemnari
346 1544 433 1571 non
463 1532 627 1584 potest3
663 1530 812 1571 utilius
846 1533 911 1571 est
943 1533 1088 1572 autem
1119 1531 1289 1573 absolvi
1319 1532 1384 1572 in-

42 1591 267 1631 nocentem
294 1603 422 1643 quam
447 1591 672 1630 nocentem
698 1603 871 1630 causam
895 1603 980 1630 non
1011 1589 1161 1632 dicere.
1210 1590 1384 1631 Anseri-

40 1648 120 1690 bus
146 1647 309 1689 cibaria
332 1647 504 1702 publice
530 1647 739 1700 locantur,
769 1650 818 1688 et·
837 1662 962 1689 canes
989 1648 1163 1689 aluntur
1188 1648 1235 1689 in
1260 1648 1383 1703 Capi-

22 1706 167 1760 tolio,
219 1708 268 1747 ut
317 1705 578 1761 significent,
629 1705 665 1746 si
713 1705 829 1746 fures
877 1706 1085 1748 venerint.
1159 1704 1219 1748 At
1266 1706 1383 1748 fures

22 1765 330 1817 internoscere
372 1778 460 1805 non
501 1767 700 1819 possunt,
744 1764 990 1820 significant
1027 1767 1191 1819 tamen,
1235 1765 1272 1806 si
1311 1766 1384 1820 qui

23 1823 169 1865 noctu
205 1823 250 1865 in
282 1821 545 1877 Capitolium
583 1826 808 1877 venerunt,
846 1826 906 1876 et,
945 1823 1046 1877 quia
1076 1823 1118 1864 id
1151 1826 1216 1865 est
1248 1824 1384 1879 suspi-

24 1882 222 1936 ciosum,
258 1881 435 1922 tametsi
470 1881 635 1922 bestiae
673 1884 790 1936 sunt,
827 1884 974 1923 tamen
1010 1881 1056 1923 in
1088 1897 1182 1923 eam
1213 1885 1383 1937 partem

24 1941 184 1996 potius
210 1942 400 1995 peccant,
433 1954 540 1994 quae
567 1942 632 1981 est
663 1941 840 1982 cautior.
896 1939 1058 1989 Quodsi
1088 1941 1182 1983 luce
1215 1955 1384 1995 quoque

24 2013 165 2042 canes
209 1999 387 2052 latrent,
432 2013 529 2040 cum
572 1999 673 2040 deos
717 2000 955 2041 salutatum
999 1999 1134 2054 aliqui
1176 2000 1384 2051 venerint,

25 2057 206 2112 opinor,
236 2057 290 2099 iis
322 2072 447 2098 crura
479 2057 801 2112 suffringantur‚
834 2058 947 2112 quod
979 2057 1097 2100 acres
1130 2057 1218 2099 sint
1252 2058 1384 2099 etiam

26 2118 152 2173 tum,
183 2131 279 2158 cum
309 2115 494 2171 suspicio
525 2116 648 2156 nulla
679 2115 747 2157 sit.
803 2114 1035 2158 Simillima
1067 2119 1132 2158 est
1164 2119 1383 2159 accusato-

43 2189 137 2226 rum
179 2175 304 2216 ratio.
365 2174 455 2215 Alii
498 2177 690 2216 vestrum
729 2189 900 2216 anseres
940 2178 1057 2229 sunt,
1102 2175 1176 2229 qui
1212 2178 1385 2217 tantum

43 2233 168 2274 modo
195 2234 401 2287 clamant,
432 2247 584 2275 nocere
610 2247 695 2274 non
721 2236 921 2288 possunt,
954 2234 1029 2275 alii
1060 2248 1203 2288 canes,
1236 2234 1310 2288 qui
1342 2237 1384 2276 et

43 2288 202 2333 l‘atrare
242 2294 284 2333 et
327 2291 521 2334 mordere
559 2294 752 2346 possunt.
814 2291 988 2334 Cibaria
1025 2292 1148 2334 vobis
1186 2293 1384 2347 praeberi

28 2362 30 2376 ³
114 2365 184 2392 clo.
203 2366 244 2392 11.
279 2369 300 2393 1.
1079 2365 1100 2394 4

1407 487 1450 517 55

158 885 442 927 Accusatores
473 885 635 926 multos
668 899 760 926 esse
791 885 836 926 in
867 885 1042 927 civitate
1074 886 1181 928 utile
1213 890 1296 941 est,
1334 890 1382 929 ut
1397 880 1453 922 20

16 1181 123 1233 est,
154 1181 301 1220 tamen
330 1178 385 1232 ei,
417 1178 491 1232 qui
515 1178 628 1220 hunc
661 1181 848 1231 accuset,
880 1179 1044 1232 possim
1076 1179 1222 1233 aliquo
1255 1180 1410 1221 modo'

1409 1359 1453 1390 56

1410 2125 1454 2156 57
