1618 2584
368 0 458 30 111ss.
486 0 499 30 Ι
550 0 651 31 CAP.
677 1 770 32 4-6
796 0 814 37 ξ
842 1 968 31 9—15.
1271 0 1355 39 145

15 107 115 135 suae
155 91 413 134 confessioni
452 92 592 146 possit
631 92 808 146 mederi,
848 93 1092 134 meminerit
1129 107 1173 134 se
1211 94 1354 148 priore

14 152 179 194 actione
215 151 401 192 clamore
432 151 582 205 populi
612 151 798 192 Romani
828 151 986 193 infesto
1020 155 1149 206 atque
1179 152 1352 194 inimico

14 209 245 252 excitatum
283 207 525 250 confessum
564 223 655 251 esse
694 210 820 251 duces
858 210 1123 265 praedonum
1156 225 1181 251 a
1213 225 1257 251 se
1290 226 1354 252 se-

15 268 104 310 curi
127 282 215 308 non
240 281 332 308 esse
358 282 601 321 percussos3
634 282 678 309 se
704 268 790 309 iam
822 271 915 310 tum
948 283 1040 310 esse
1071 269 1269 323 veritum,
1300 284 1353 311 ne

15 326 97 368 Sibi
134 325 304 367 crimini
342 326 515 367 daretur
550 341 621 367 eos
655 326 708 367 ab
742 342 786 368 se
818 327 998 382 pecunia
1028 328 1255 382 liberatos3
1295 329 1355 369 fa-

13 386 172 437 teatur,
209 384 253 425 id
291 384 403 438 quod
440 385 591 439 negari
629 400 716 426 non
753 388 914 440 potest,
953 401 997 427 se
1031 387 1249 441 privatum
1280 387 1354 428 ho-

13 443 171 485 minem
202 443 466 498 praedonum
499 443 624 484 duces
657 443 777 484 vivos
811 447 939 499 atque
970 445 1206 487 incolumes
1239 446 1351 487 domi

13 516 125 555 suae,
156 504 440 556 posteaquam
466 500 650 542 Romam
675 502 861 556 redierit,
892 518 1027 558 usque
1054 504 1154 545 dum
1179 519 1255 559 per
1287 520 1354 545 me

11 560 198 613 licuerit,
236 560 477 601 retinuisse.
538 559 633 601 Hoc
663 560 708 601 in
739 561 816 601 illo
855 562 1097 603 maiestatis
1129 563 1284 605 iudicio
1318 564 1354 605 si

11 619 182 660 licuisse
209 618 293 659 sibi
325 618 573 671 ostenderit,
605 632 684 674 ego
718 619 960 673 oportuisse
992 621 1233 663 concedam.
1288 622 1354 663 Ex

10 677 91 719 hoc
112 691 279 731 quoque
301 677 503 730 evaserit3
528 677 774 731 proficiscar
794 693 856 731 eo,
883 693 966 732 quo
988 694 1055 720 me
1075 680 1161 721 iam
1188 681 1354 735 pridem

10 739 137 777 vocat
174 735 359 790 populus
391 735 623 777 Romanus.
684 735 749 777 De
786 736 878 777 iure
917 737 1030 778 enim
1061 738 1279 780 libertatis
1313 743 1354 781 et

11 794 199 836 civitatis
244 809 367 835 suum
410 796 537 849 putat
580 808 672 835 esse
714 794 936 849 iudicium,
981 799 1024 837 et
1063 800 1178 838 recte
1217 801 1353 852 putat.

12 851 269 908 Confringat
305 853 388 894 iste
428 867 530 894 sane
561 853 605 894 vi
637 867 714 894 sua
745 854 926 895 consilia
957 855 1191 910 senatoria,
1231 871 1355 910 quae-

12 912 172 953 stiones
194 911 385 953 omnium
404 915 668 966 perrumpat,
695 913 836 954 evolet
860 927 909 954 ex
935 916 1080 954 vestra
1107 915 1354 969 severitate3

12 970 117 1012 mihi
154 970 331 1020 credite,
369 970 602 1011 artioribus
635 971 747 1025 apud
778 972 986 1026 populum
1017 972 1260 1015 Romanum
1292 975 1354 1016 la-

12 1029 130 1084 queis
156 1029 386 1070 tenebitur.
436 1028 591 1070 Credet
615 1029 668 1070 iis
696 1030 911 1084 equitibus
935 1031 1143 1073 Romanis
1168 1033 1355 1087 populus

10 1088 248 1139 Romanus,
293 1087 366 1142 qui
404 1088 457 1128 ad
494 1102 571 1129 vos
610 1090 710 1130 ante
747 1089 945 1143 producti
982 1092 1115 1131 testes
1154 1091 1260 1145 ipsis
1292 1092 1354 1132 in-

12 1147 307 1202 spectantibus
340 1146 394 1187 ab
425 1146 510 1187 isto
544 1147 680 1188 civem
710 1147 974 1203 Romanum,
1005 1149 1079 1203 qui
1110 1150 1354 1203 cognitores

11 1205 206 1247 homines
227 1205 432 1246 honestos
453 1205 586 1259 daret,
613 1206 832 1248 sublatum
859 1221 951 1248 esse
978 1207 1023 1248 in
1048 1222 1216 1250 crucem
1243 1209 1353 1251 dixe.-

11 1266 129 1318 runt3
150 1264 323 1306 credent
344 1278 491 1306 omnes
512 1277 542 1305 V
563 1267 605 1306 et
624 1278 722 1306 XXX
741 1266 880 1307 tribus
901 1266 1067 1307 homini
1093 1267 1350 1322 gravissimo

11 1325 140 1377 atque
173 1323 468 1376 ornatissimo,
504 1323 561 1365 M.
587 1323 748 1377 Annio,
782 1324 854 1378 qui
886 1339 930 1365 se
962 1328 1186 1379 praesente
1219 1327 1354 1368 civem

10 1382 253 1423 Romanum
304 1382 441 1423 securi
484 1397 734 1436 percussum
778 1397 869 1424 esse
914 1384 1038 1438 dixit3
1089 1385 1285 1427 audietur
1330 1401 1354 1427 a

10 1441 170 1495 populo
214 1441 411 1482 Romano
454 1441 520 1481 vir
563 1441 812 1496 primarius,
856 1456 984 1496 eques
1026 1442 1265 1498 Romanus,
1308 1444 1354 1487 L.

11 1498 203 1553 Flavius,
249 1499 322 1553 qui
366 1514 489 1540 suum
532 1500 791 1541 familiarem
833 1500 1117 1556 Herennium,
1160 1503 1353 1558 negotia-

12 1560 151 1600 torem
178 1573 228 1599 ex
246 1558 406 1611 Africa,
439 1573 533 1600 cum
561 1558 785 1612 Syracusis
818 1559 1003 1614 amplius
1036 1563 1206 1602 centum
1239 1562 1352 1604 cives

10 1617 195 1659 Romani
223 1620 531 1672 cognoscerent
562 1617 937 1673 lacrimantesque?
955 1618 1242 1675 defenderent,
1274 1635 1352 1675 pro

11 1676 260 1717 testimonio
286 1676 394 1717 dixit
419 1676 558 1717 securi
584 1691 676 1717 esse
701 1691 969 1732 percussum3
995 1678 1201 1732 probabit
1225 1679 1353 1720 fidem

12 1736 54 1776 et
86 1734 389 1776 auctoritatem
422 1737 464 1776 et
495 1735 750 1790 religionem
782 1750 904 1777 suam
935 1735 981 1777 L.
1008 1735 1191 1792 Suetius,
1222 1738 1352 1780 homo

15 1794 209 1835 omnibus
249 1794 513 1835 ornamentis
551 1794 789 1848 praeditus,
828 1795 900 1849 qui
930 1795 1097 1836 iuratus
1131 1797 1245 1851 apud
1275 1812 1352 1839 vos

13 1852 119 1893 dixit
138 1853 298 1894 multos
324 1853 437 1894 cives
457 1853 676 1894 Romanos
702 1853 747 1894 in
770 1854 993 1895 lautumiis
1020 1854 1146 1896 istius
1172 1855 1352 1909 imperio

12 1911 304 1953 crudelissime
329 1926 406 1966 per
430 1911 519 1952 vim
544 1914 683 1953 morte
717 1927 808 1953 esse
839 1913 1059 1954 multatos.
1116 1913 1241 1955 Hanc
1273 1929 1352 1970 ego

12 1983 183 2012 causam
221 1985 317 2012 cum
356 1984 482 2026 agam
520 1970 725 2012 beneficio
763 1971 914 2026 populi
945 1971 1131 2013 Romani
1170 1973 1220 2014 de
1258 1973 1352 2015 loco

13 2029 241 2084 superiore,
271 2044 357 2070 non
384 2043 542 2082 vereor,
573 2044 626 2070 ne
653 2032 727 2070 aut
752 2030 885 2070 istum
912 2030 975 2071 vis
1005 2031 1096 2072 ulla
1122 2046 1173 2072 ex
1201 2032 1353 2086 populi

12 2085 196 2129 Romani
215 2087 432 2144 suffragiis
453 2088 616 2141 eripere
637 2090 711 2129 aut
732 2103 757 2129 a
777 2103 843 2129 me
863 2089 1001 2130 ullum
1025 2104 1180 2131 munus
1208 2091 1352 2132 aedili-

14 2146 115 2187 tatis
143 2146 328 2201 amplius
355 2149 430 2187 aut
461 2147 628 2202 gratius
661 2147 819 2202 populo
846 2147 1042 2189 Romano
1076 2163 1168 2190 esse
1200 2150 1351 2204 possit.

104 2204 372 2260 Quapropter
398 2219 545 2247 omnes
575 2205 620 2246 in
643 2205 726 2247 hoc
756 2206 913 2248 iudicio
946 2209 1151 2248 conentur
1189 2209 1350 2263 omnia3

83 2279 152 2304 010.
171 2280 211 2306 Π.
234 2282 256 2305 1.
1028 2280 1070 2310 10

1384 745 1422 775 13

1382 1278 1420 1309 14

1379 2189 1405 2230 6

1381 2240 1423 2271 15
