1618 2584
437 43 536 78 CAP.
559 48 595 86 9,
625 48 667 77 10
694 47 712 85 g
738 46 885 77 ‘24—30.
1251 40 1331 81 1231

0 142 104 182 esset
129 140 304 194 praetor
328 138 374 179 in
402 137 559 180 Sicilia.
616 136 723 179 Cum
749 138 802 179 iis
827 138 890 179 ita
916 137 1123 191 loquitur:
1157 135 1216 176 ‘se
1237 150 1333 177 con-

0 198 129 240 sulem
156 211 265 250 esse3
291 197 471 238 fratrem
498 212 622 238 suum
649 198 832 238 alterum
853 195 1042 238 Siciliam
1070 194 1334 249 provinciam

0 256 203 308 obtinere,
245 256 430 296 alterum
463 270 554 296 esse
588 256 881 309 quaesiturum
914 255 963 296 de
996 253 1185 309 pecuniis
1218 267 1335 307 repe-

0 314 153 367 tundis,
185 313 313 355 Verri
343 329 396 354 ne
427 315 571 356 noceri
603 318 761 368 posset,
795 314 942 355 multis
974 312 1214 354 rationibus
1243 325 1333 352 esse
1352 343 1405 382 10

0 372 236 429 provisum.’
300 372 410 420 Quid
448 377 529 426 est,
568 387 744 426 quaeso,
775 372 966 426 Metelle,
1009 370 1213 413 iudicium
1246 384 1333 411 cor-
1361 394 1404 424 23

0 445 204 485 rumpere,
243 431 279 471 si
316 431 397 472 hoc
434 445 522 473 non
561 435 642 484 est,
679 431 821 484 testis,
863 431 1117 486 praesertim
1156 429 1335 482 Siculos,

0 490 162 533 timidos
200 489 395 530 homines
436 493 478 530 et
516 489 717 543 afflictos,
761 505 847 531 non
893 490 1033 531 solum
1078 488 1336 530 auctoritate

0 549 221 601 deterrere,
260 548 334 589 sed
367 548 498 589 etiam
531 548 745 589 consulari
778 552 895 590 metu
928 552 969 589 et
1002 549 1183 589 duorum
1213 561 1337 602 prae-

0 611 133 650 torum
165 607 411 661 potestate?
462 606 573 656 Quid
603 606 766 647 faceres
797 622 874 660 pro
906 607 1131 648 innocente
1162 606 1336 647 homine

0 669 36 709 et
77 666 337 721 propinquo,
380 680 477 707 cum
513 668 691 720 propter
734 665 952 706 hominem
997 665 1336 720 perditissimum

0 728 120 779 atque
160 724 471 765 alienissimum
510 724 560 764 de
599 723 738 765 officio
772 738 820 765 ac
853 724 1064 779 dignitate
1097 724 1262 765 decedis
1294 727 1337 764 et

0 783 239 836 oommittis,
271 786 330 836 ut,
363 783 477 836 quod
502 783 576 823 ille
604 782 785 836 dictitat,
818 783 957 836 alicui,
987 782 1060 836 qui
1085 785 1128 823 te
1153 782 1336 837 ignoret,

0 857 138 885 verum
168 856 260 882 esse
286 841 514 883 videatur?
546 856 647 882 nam
673 842 754 883 hoc
779 841 959 882 Verrem
987 841 1123 882 dicere
1151 841 1335 895 aiebant,

0 904 34 943 te
64 915 151 942 non
180 900 290 953 fato,
328 903 378 941 ut
409 904 572 941 ceteros
606 915 656 941 ex
687 904 832 941 vestra
869 900 1053 953 familia,
1096 900 1168 941 sed
1207 914 1338 954 opera

0 974 70 1001 sua
107 959 326 1000 consulem
363 958 538 1000 factum.
600 958 696 999 Duo
734 959 871 1014 igitur
909 959 1105 1000 consules
1139 962 1181 999 et
1213 973 1338 1013 quae-

0 1018 99 1060 sitor
137 1021 262 1058 erunt
300 1031 350 1058 ex
384 1017 502 1058 illius
534 1018 787 1059 voluntate?
850 1016 964 1058 ‘Non
997 1018 1135 1058 solum
1167 1017 1338 1072 effugie-

0 1075 112 1130 mus,'
144 1076 297 1130 inquit,
329 1075 562 1117 ‘hominem
594 1076 639 1117 in
671 1076 912 1130 quaerendo
943 1076 1125 1117 nimium
1158 1076 1338 1131 diligen-

0 1139 95 1188 tem,
149 1135 332 1176 nimium
386 1135 643 1176 servientem
692 1135 843 1189 populi
893 1135 1220 1189 existimationi,
1270 1135 1337 1175 Μ’.

0 1193 290 1246 Glabrionem3
341 1193 512 1235 accedet
562 1194 692 1235 etiam
742 1193 866 1234 nobis
917 1194 1041 1234 illud:
1090 1193 1223 1235 Iudex
1273 1198 1338 1235 eet

0 1252 45 1294 Μ.
89 1251 342 1305 Caesonius,
392 1252 559 1307 collega
607 1253 747 1294 nostri
791 1253 1070 1306 accusatoris,
1119 1252 1249 1294 homo
1293 1253 1339 1293 in

0 1311 117 1352 rebus
147 1310 386 1352 iudicandis
420 1313 638 1365 spectatus
671 1315 713 1352 et
745 1311 961 1366 cognitus,
1004 1326 1129 1365 quem
1162 1311 1338 1352 minime

0 1369 189 1424 expediat
230 1384 322 1410 esse
364 1369 410 1410 in
454 1384 502 1411 eo
548 1370 744 1423 consilio,
791 1370 903 1424 quod
948 1385 1149 1411 conemur
1194 1370 1339 1423 aliqua

0 1428 157 1470 ratione
194 1443 484 1483 corrumpere,
522 1432 753 1483 propterea
791 1429 903 1482 quod
941 1429 1027 1469 iam
1060 1432 1203 1483 antea,
1242 1443 1339 1470 cum

0 1487 114 1529 iudex
150 1487 195 1528 in
232 1487 413 1528 Iuniano
453 1487 632 1529 consilio
669 1487 841 1541 fuisset,
886 1487 1186 1541 turpissimum
1230 1487 1339 1528 illud

0 1546 154 1588 facinus
179 1561 263 1587 non
293 1546 434 1587 solum
461 1546 652 1601 graviter
676 1546 791 1598 tulit,
824 1546 898 1587 sed
924 1546 1054 1587 etiam
1080 1546 1125 1586 in
1150 1546 1338 1587 medium

0 1605 183 1659 protulit.
245 1605 369 1646 Hune
401 1605 582 1646 iudicem
616 1620 666 1646 ex
704 1604 801 1645 Kal.
833 1604 1003 1646 Ianuar.
1040 1619 1127 1646 non
1164 1605 1338 1646 habebi-

0 1678 102 1717 mus;
146 1662 193 1712 Q.
224 1663 435 1704 Manlium
480 1668 522 1705 et
560 1663 606 1712 Q.
640 1662 938 1717 Cornificium,
974 1664 1080 1705 duos
1120 1664 1338 1704 severissi-

0 1736 83 1764 mos
121 1725 250 1776 atque
290 1722 594 1778 integerrimos
632 1722 810 1776 iudices,
852 1723 965 1777 quod
1002 1722 1167 1763 tribuni
1197 1723 1338 1777 plebis

0 1783 83 1822 tum
120 1784 261 1835 erunt,
300 1781 459 1823 iudices
497 1795 586 1822 non
622 1781 896 1835 habebimus3
935 1781 980 1823 P.
1014 1779 1246 1835 Sulpicius,
1278 1781 1338 1822 iu-

0 1838 70 1880 dex
118 1840 256 1881 tristis
308 1844 349 1881 et
398 1840 583 1895 integer,
639 1840 943 1895 magistratum
994 1840 1111 1881 ineat
1167 1843 1339 1894 oportet

0 1896 126 1940 Nonis
184 1898 428 1952 Decembr.;
479 1898 534 1939 M.
585 1897 835 1953 Crepereius
887 1913 936 1940 ex
993 1898 1201 1940 acerrima
1260 1899 1339 1940 illa

0 1957 179 2011 equestri
216 1957 384 1999 familia
423 1960 465 1999 et
503 1957 750 2012 disciplina,
788 1957 834 1998 L.
868 1957 1042 1999 Cassius
1082 1972 1131 1998 ex
1169 1957 1337 1999 familia

0 2029 88 2057 cum
126 2016 179 2057 ad
218 2020 383 2058 ceteras
415 2030 501 2070 res,
537 2019 631 2057 tum
664 2016 716 2057 ad
748 2016 1020 2057 iudicandum
1053 2017 1338 2071 severissima,

0 2072 66 2115 On.
98 2074 371 2129 Tremellius,
408 2075 538 2117 homo
579 2089 747 2116 summa
784 2075 993 2130 religione
1026 2078 1068 2116 et
1101 2075 1337 2130 diligentia,

0 2134 83 2174 tres
118 2133 164 2175 hi
203 2134 400 2176 homines
437 2137 603 2175 veteres
641 2134 808 2175 tribuni
844 2134 1054 2175 militares
1094 2138 1193 2175 sunt
1232 2134 1331 2175 desi

0 2192 132 2246 gnati,
168 2207 217 2234 ex
248 2193 344 2234 Kal.
376 2193 545 2234 Ianuar.
577 2208 662 2234 non
693 2193 950 2234 iudicabunt
1016 2190 1337 2234 subsortiemur

0 2249 124 2292 etiam
149 2251 195 2292 in
219 2251 272 2293 M,
302 2252 467 2294 Metelli
493 2253 646 2306 locum,
680 2252 881 2306 quoniam
907 2252 944 2292 is
970 2251 1069 2293 huic
1096 2252 1181 2306 ipsi
1213 2267 1336 2306 quae-²

1074 2321 1122 2353 9²1<

1363 853 1405 883 29

1365 1673 1408 1704 30
