1618 2584
424 16 524 51 CAP
547 21 682 52 10—12
710 20 728 59 g
756 21 904 51 30—36.
1255 16 1339 58 133

0 114 39 155 in
79 111 339 167 explicandis
378 112 628 154 criminibus
667 128 841 167 operam
879 126 1191 165 consumerem3
1227 126 1339 154 nunc

0 171 197 226 quoniam
235 185 428 226 pugnare
466 174 616 212 contra
654 187 721 212 me
760 171 989 212 instituisti
1026 185 1113 212 non
1153 173 1244 211 tam
1289 185 1339 211 ex

0 233 70 272 tua
87 231 244 271 natura
264 244 392 283 quam
413 244 462 270 ex
482 230 608 271 istius
629 232 822 283 tempore
849 233 892 271 et
918 244 1047 271 causa
1074 229 1339 283 [malitiose],

0 302 165 330 necesse
204 290 269 329 est
306 288 432 329 istius
471 289 586 330 modi
624 289 782 330 rationi
821 289 965 343 aliquo
1003 288 1183 329 consilio
1223 287 1339 328 obsi-

0 350 119 389 stere.
181 346 273 387 Tua
310 347 420 387 ratio
460 350 543 401 est,
578 350 627 388 ut
659 347 889 388 secundum
922 347 1045 388 binos
1078 346 1201 387 ludos
1234 346 1340 387 mihi
1366 355 1407 385 34

0 405 252 459 respondere
284 405 481 459 incipias,
514 421 626 459 mea,
665 408 712 446 ut
745 408 843 446 ante
875 406 1038 460 primos
1071 405 1193 446 ludos
1227 419 1338 446 com-

0 464 279 521 perendinem.
346 463 416 505 Ita
458 466 549 518 fiet,
592 467 641 504 ut
685 467 760 505 tua
801 465 885 505 ista
922 465 1033 506 ratio
1073 464 1340 505 existimetur

0 526 150 577 astuta,
183 538 325 564 meum
357 523 437 564 hoc
470 522 696 564 consilium
727 523 1027 564 necessarium.

81 582 243 623 Verum
280 581 406 631 illud,
445 581 559 635 quod
594 581 869 622 institueram
907 582 1064 635 dicere,
1105 581 1212 622 mihi
1249 596 1339 622 rem
1357 579 1408 620 12

0 645 137 684 tecum
176 655 286 695 esse,
325 640 450 681 huius
483 639 599 681 modi
631 642 708 680 est.
768 639 864 695 Ego
898 655 992 681 cum
1024 640 1135 682 hanc
1167 655 1340 681 causam

0 700 237 743 Siculorum
275 702 432 754 rogatu
470 698 726 752 recepissem
764 699 890 752 idque
930 699 1036 739 mihi
1075 699 1266 752 amplum
1299 704 1341 740 et

0 759 264 814 praeclarum
296 757 622 811 existimassem,
655 771 727 798 eos
756 758 867 798 velle
894 772 1013 798 meae
1040 757 1138 797 fidei
1164 757 1340 812 diligen-

0 818 164 872 tiaeque
196 817 433 871 periculum
459 816 610 869 facere,
642 816 715 870 qui
739 815 1010 857 innocentiae
1037 816 1340 857 abstinentiae-

0 891 76 931 que
114 876 334 929 fecissent,
372 878 464 916 tum
503 878 703 928 suscepto
741 874 917 930 negotio
956 874 1093 915 maius
1139 875 1341 929 quiddam

0 935 102 977 mihi
115 935 332 989 proposui,
352 934 396 974 in
411 949 494 988 quo
510 948 649 975 meam
664 933 709 974 in
722 948 813 975 rem
834 933 1052 988 publicam
1072 933 1341 975 voluntatem

0 994 179 1050 populus
211 994 430 1035 Romanus
462 993 703 1047 perspicere
734 995 894 1047 posset.
949 991 1063 1033 Nam
1095 992 1204 1033 illud
1236 992 1342 1033 mihi
1368 1000 1410 1031 35

0 1067 266 1107 nequaquam
287 1052 464 1107 dignum
484 1051 696 1092 industria
716 1054 956 1105 conatuque
983 1066 1077 1092 meo
1103 1051 1342 1105 videbatur,

0 1112 127 1153 istum
161 1126 185 1152 a
217 1125 284 1152 me
317 1111 362 1151 in
392 1110 595 1152 iudicium
627 1110 713 1150 iam
747 1110 938 1151 omnium
964 1110 1120 1151 iudicio
1148 1110 1342 1151 condem-

0 1173 145 1212 natum
182 1169 345 1223 vocari,
381 1169 465 1210 nisi
502 1169 588 1210 ista
624 1171 700 1209 tua
737 1169 1024 1209 intoleiabilis
1064 1169 1257 1221 potentia
1300 1172 1342 1210 et

0 1244 46 1271 ea
84 1228 312 1282 cupiditas,
352 1243 436 1282 qua
473 1243 549 1282 per
586 1227 714 1269 hosce
748 1242 882 1269 annos
915 1228 959 1268 in
992 1227 1248 1281 quibusdam
1279 1227 1342 1268 iu-

0 1288 116 1330 diciis
148 1301 250 1328 usus
284 1301 340 1340 eS,
374 1287 504 1328 etiam
537 1287 582 1327 in
606 1286 731 1327 istius
758 1286 944 1327 hominis
973 1286 1187 1340 desperati
1214 1301 1343 1328 causa

0 1346 350 1401 interponeretur.
413 1344 537 1387 Nunc
574 1359 694 1397 vero,
737 1345 938 1399 quoniam
977 1345 1082 1386 haec
1120 1348 1164 1386 te
1203 1345 1341 1386 omnis

0 1405 232 1447 dominatio
265 1418 530 1459 regnumque
562 1403 815 1445 iudiciorum
847 1407 970 1456 tanto
1004 1418 1130 1458 opeie
1157 1404 1343 1445 delectat

0 1523 156 1579 pudeat
181 1537 317 1576 neque
350 1522 533 1576 taedeat,
566 1522 638 1575 qui
665 1521 787 1575 quasi
814 1522 864 1562 de
890 1521 1138 1562 industria
1128 1536 1173 1562 111
1199 1521 1343 1562 odium

0 1581 361 1635 offensionemque
393 1581 543 1646 populi
574 1580 760 1621 Romani
791 1580 952 1621 irruere
983 1580 1230 1634 videantm,
1261 1580 1344 1621 hoc

0 1655 65 1682 me
96 1641 302 1695 profiteor
328 1640 564 1694 suscepisse
590 1654 796 1694 maonum
822 1638 1008 1680 fortasse
1035 1654 1141 1680 onus
1170 1642 1212 1680 et
1237 1638 1344 1679 mihi

0 1699 303 1754 periculosum,
355 1713 503 1739 verum
552 1701 698 1739 tamen
746 1698 941 1753 dionum,
990 1698 1035 1738 in
1079 1713 1162 1752 quo
1196 1712 1342 1739 omnes

0 1772 151 1800 nervos
173 1758 328 1799 aetatis
354 1757 675 1811 industriaeque
702 1772 821 1798 meae
848 1732 1159 1798 contenderem.
1202 1756 1341 1805 Quon—
1370 1765 1410 1796 36

0 1816 84 1858 iam
133 1819 252 1858 totus
302 1817 405 1858 ordo
456 1831 689 1871 paucorum
739 1816 1018 1870 improbitate
1069 1819 1112 1856 et
1168 1816 1345 1857 audacia

0 1876 208 1930 premitur
241 1878 283 1916 et
308 1878 487 1931 urgetur
512 1875 692 1916 infamia
716 1875 981 1928 iudiciorum,
1014 1875 1220 1928 profiteor
1245 1874 1344 1916 huic

2 1935 145 1990 generi
175 1934 401 1976 hominum
434 1948 501 1975 me
533 1934 752 1975 inimicum
787 1937 1098 1987 accusatorem,
1136 1933 1345 1987 odiosum,

2 1993 236 2047 assiduum,
281 1993 482 2034 acerbum
526 1993 829 2040 adversarium.
909 1991 1003 2033 Hoc
1053 1991 1159 2032 mihi
1210 2006 1344 2044 sumo,

0 2050 80 2093 hoc
116 2052 222 2094 1111111
261 2052 460 2106 deposco,
506 2051 619 2105 quod
656 2066 784 2106 agam
822 2051 868 2092 in
909 2050 1187 2106 magistratu,
1231 2050 1346 2105 quod

2 2124 127 2165 agam
166 2126 215 2152 ex
254 2125 302 2152 eo
341 2111 454 2165 loco,
494 2125 543 2151 ex
584 2125 666 2164 quo
704 2125 770 2151 me
809 2110 994 2164 populus
1032 2109 1252 2150 Romanus
1295 2124 1345 2150 ex

1 2168 93 2210 Kal.
119 2169 286 2211 Ianuar.
313 2184 456 2211 secum
489 2183 616 2224 agere
650 2169 699 2210 de
732 2184 775 2209 re
808 2169 980 2223 publica
1013 2183 1060 2209 ac
1088 2168 1137 2209 de
1163 2167 1345 2210 homini-

2 2226 79 2269 bus
117 2228 326 2284 improbis
358 2228 514 2282 voluit,
554 2228 634 2270 hoc
667 2242 820 2269 munus
854 2227 1088 2269 aedilitatis
1122 2241 1241 2268 meae
1273 2241 1344 2281 po-

1597 138 1614 323 1;.-2.†22÷-223
1597 109 1600 119 -
1596 0 1618 94 :tva
