1618 2584
419 249 508 284 LIB.
537 250 586 284 111
631 250 729 285 CAP.
757 254 872 284 8-10
899 254 917 292 ξ
943 253 1091 284 21—20.
1342 250 1427 291 279

91 361 187 388 cum
224 345 459 387 accubante
496 347 768 400 praetextato
807 345 1019 400 praetoris
1058 345 1147 386 filio
1187 345 1346 386 saltare
1384 346 1429 387 in

91 404 286 447 convivio
329 404 466 445 nudus
511 407 721 458 coepelat.
782 403 925 458 Hunc,
968 404 1034 445 uti
1074 403 1211 445 dicere
1248 403 1417 445 institui

90 462 326 518 principem
353 462 509 503 Verres
549 463 601 504 ad
638 464 835 504 fortunas
871 465 1091 504 aratorum
1122 462 1338 504 vexandas
1371 463 1429 504 di·

90 521 391 575 ripiendasque
436 536 527 562 esse
572 521 725 575 voluit,
769 521 895 562 huius
938 521 1156 575 audaciae,
1201 521 1430 575 nequitiae,

54 591 71 617 5
91 579 336 621 crudelitati
361 580 634 621 fidelissimos
661 579 799 621 socios
826 580 1098 634 optimosque
1130 580 1243 622 cives
1276 580 1429 621 scitote

90 638 171 680 hoc
208 641 408 693 praetore
446 638 648 691 traditos,
684 638 860 692 iudices,
902 641 1030 692 atque
1070 638 1261 680 addictos
1296 639 1429 680 fuisse

89 697 213 739 novis
245 697 456 739 institutis
491 699 533 737 et
565 696 734 750 edictis,
768 699 863 738 tota
894 697 1125 739 Hieronica
1157 698 1270 753 lege,
1303 711 1429 752 quem

90 756 143 796 ad
175 756 348 796 modum
381 758 508 796 antea
541 755 644 808 dixi,
675 756 835 797 reiecta
867 758 909 796 et
941 756 1178 810 repudiata.

176 813 369 854 Primum
388 814 572 854 edictum
593 814 748 867 audite,
767 814 938 868 iudices,
958 815 1245 867 praeclarum:
1268 814 1429 863 Quan-
1456 823 1500 853 25

39 883 70 908 10
89 874 195 913 tum
235 873 539 914 decumanus
579 872 827 913 edidisset
862 876 1120 914 aratorem
1154 873 1254 914 sibi
1286 873 1429 915 decu-

90 945 196 972 mae
217 931 335 972 dare
362 934 622 985 oportere,
647 934 701 971 ut
727 934 927 972 tantum
954 934 1129 973 arator
1156 932 1429 973 decumano

90 989 208 1030 dare
253 992 537 1044 cogeretur.
603 988 693 1037 Quo
740 990 897 1031 modo?
944 1014 994 1019 -
1042 989 1259 1038 Quantum
1300 1005 1429 1045 popo-

89 1048 217 1089 scerit
249 1047 486 1102 Apronius,
518 1049 629 1090 dato.
666 1073 713 1077 —
751 1047 860 1096 Quid
894 1051 959 1089 est
990 1048 1100 1090 hoc‘?
1132 1052 1278 1090 utrum
1310 1064 1429 1103 prae-

87 1107 195 1147 toris
233 1106 484 1147 institutum
521 1107 566 1147 in
604 1107 742 1149 socios
781 1122 836 1148 an
873 1107 917 1148 in
949 1107 1089 1148 hostis
1121 1108 1256 1149 victos
1288 1108 1430 1149 insani

36 1176 69 1202 1⁵
90 1165 274 1206 edictum
295 1168 424 1219 atque
442 1166 670 1219 imperium
690 1166 894 1220 tyranni?
922 1190 972 1195 —
1001 1166 1098 1221 Ego
1124 1169 1295 1207 tantum
1323 1167 1430 1221 dem,

90 1226 298 1278 quantum
333 1224 408 1265 ille
439 1225 714 1278 poposcerit?
759 1227 909 1279 poscet
941 1239 1081 1279 omne,
1121 1228 1332 1279 quantum
1365 1240 1431 1266 ex-

1418 437 1499 467 ⁷⁶24

89 1297 279 1325 aravero.
322 1306 369 1311 —
412 1283 522 1332 Quid
566 1284 720 1324 omne‘?
770 1284 867 1338 plus
911 1283 1043 1325 immo
1086 1284 1235 1338 etiam,
1277 1284 1430 1339 inquit,

89 1341 125 1383 si
161 1342 290 1383 volet.
332 1366 381 1370 —
423 1341 534 1390 Quid
570 1343 691 1383 tum?
738 1342 840 1396 quid
877 1343 1052 1383 censes?
1094 1366 1144 1371 —
1186 1342 1276 1384 Aut
1309 1343 1430 1384 dabis

89 1402 164 1441 aut
208 1402 359 1442 contra
397 1400 582 1441 edictum
619 1401 770 1442 fecisse
809 1401 1079 1442 damnabere.
1118 1425 1173 1430 —
1209 1401 1292 1443 Per
1329 1402 1430 1444 deos

35 1470 69 1495 20
87 1459 374 1513 immortales,
413 1459 514 1513 quid
546 1462 611 1500 est
642 1460 752 1501 hoc?
795 1460 885 1501 veri
917 1460 1031 1500 enim
1063 1460 1204 1501 simile
1234 1475 1321 1501 non
1354 1463 1430 1502 est.

89 1516 157 1559 Sic
194 1518 302 1558 mihi
332 1518 585 1572 persuadeo,
622 1518 800 1573 iudiceS,
838 1518 1013 1559 tametsi
1046 1519 1190 1559 omnia
1221 1519 1266 1559 in
1297 1519 1429 1560 istum
1456 1522 1499 1553 ‘26

88 1576 307 1617 hominem
345 1577 571 1617 convenire
609 1577 788 1631 putetis,
825 1579 971 1618 tamen
1001 1577 1083 1618 hoc
1114 1577 1237 1618 vobis
1270 1577 1429 1619 falsum

88 1635 235 1675 videri.
284 1634 380 1690 Ego
407 1635 533 1689 enim,
561 1650 656 1676 cum
681 1635 763 1677 hoc
788 1638 883 1677 tota
909 1634 1054 1676 Sicilia
1080 1635 1251 1690 diceret,
1283 1639 1429 1678 tamen

90 1693 316 1735 adfirmare
347 1708 435 1735 non
467 1694 685 1748 auderem,
719 1694 753 1734 si
786 1694 891 1736 haec
923 1694 1061 1735 edicta
1092 1709 1180 1736 non
1212 1710 1261 1735 ex
1292 1695 1428 1749 ipsius

35 1763 69 1788 25
88 1752 249 1793 tabulis
281 1752 462 1793 totidem
494 1753 636 1793 verbis
669 1753 849 1794 recitare
880 1767 1069 1808 possem,
1103 1753 1229 1794 sicuti
1259 1753 1428 1796 faciam.

88 1810 172 1865 Da,
206 1825 382 1865 quaeso,
414 1811 596 1864 scribae,
628 1811 779 1853 recitet
812 1826 861 1852 ex
893 1812 1035 1853 codice
1070 1812 1428 1865 [professionem]

88 1869 248 1911 Recita.
310 1869 528 1911 EDICTUM
564 1882 627 1911 DE
665 1881 992 1912 PROFESSIONE,
1054 1870 1199 1925 Negat
1229 1886 1297 1912 me
1322 1871 1422 1913 reci-

87 1930 180 1969 tare
224 1930 383 1982 totum3
426 1943 526 1969 nam
571 1928 615 1969 id
653 1929 893 1984 significare
931 1931 1039 1970 nutu
1075 1929 1255 1972 videtur.
1318 1929 1428 1979 Quid

89 1988 341 2041 praetereo?
369 2002 424 2028 an
442 1987 562 2041 illud,
588 1987 662 2028 ubi
683 2002 806 2029 caves
831 1990 977 2029 tamen
998 1987 1151 2029 Siculis
1179 1991 1221 2029 et
1248 1989 1427 2031 miseros

36 2055 70 2082 30
89 2045 265 2100 respicis
304 2047 525 2087 aratores?
582 2046 700 2087 Dicis
740 2047 852 2087 enim
890 2049 932 2087 te
970 2046 1015 2087 in
1053 2047 1350 2101 decumanum,
1392 2048 1429 2089 si

89 2104 186 2157 plus
219 2104 466 2159 abstulerit,
502 2119 632 2159 quam
664 2105 855 2146 debitum
889 2105 962 2159 sit,
993 2105 1038 2146 in
1070 2106 1291 2160 octuplum
1322 2106 1428 2147 iudi-

0 2208 1 2215 *
90 2163 200 2204 cium
227 2163 440 2204 daturum.
495 2162 617 2204 Nihil
643 2163 750 2204 mihi
780 2164 923 2218 placet
954 2164 1262 2218 praetermitti3
1294 2165 1428 2206 recita

0 2219 1 2274 ᾗ
87 2220 167 2263 1106
205 2236 390 2276 quoque,
430 2222 541 2276 quod
578 2222 792 2276 postulat3
829 2224 970 2263 totum
1001 2222 1146 2264 recita.
1208 2222 1427 2266 EDICTUM

0 2275 1 2289 ¹
87 2290 149 2320 DE
169 2291 343 2323 IUDICIO
363 2293 412 2323 IN
431 2292 688 2323 OCTUPLUM.
725 2280 887 2322 Iudicio
907 2283 956 2321 ut
977 2283 1123 2323 arator
1147 2281 1427 2324 decumanum

0 2292 2 2394 i
37 2346 71 2373 ³5
89 2340 397 2393 persequatur?
453 2339 659 2381 Miserum
687 2342 815 2394 atque
846 2339 1058 2393 iniquum!
1114 2339 1181 2381 Ex
1213 2355 1319 2396 agro
1351 2341 1429 2384 ho-

88 2396 222 2438 mines
259 2398 447 2439 traducis
482 2398 527 2439 in
558 2398 717 2451 forum,
756 2398 810 2439 ab
844 2401 987 2439 aratro
1022 2398 1075 2439 ad
1107 2399 1333 2454 subsellia,
1372 2400 1426 2442 ab

87 2468 166 2496 usu
197 2456 454 2498 rusticarum
486 2471 629 2498 rerum
662 2457 715 2498 ad
746 2457 967 2499 insolitam
1001 2457 1123 2498 litem
1157 2460 1285 2512 atque
1317 2459 1428 2501 iudi-
