1685 2574
139 214 182 244 27

140 689 185 719 28

159 906 182 946 7

211 113 235 151 8
564 110 656 145 PRO
682 111 722 145 P.
751 109 981 152 QUINCTIO
1009 110 1200 145 ORATIO.

210 206 408 247 fidiosum
441 209 484 247 et
514 206 695 261 impium
729 221 819 247 esse
848 206 1049 246 fateatur.
1099 205 1291 247 Libellos
1319 205 1411 247 Sex.
1438 206 1553 248 Alfe-

209 280 307 319 nus,
345 269 599 319 procurator
630 264 675 306 P.
716 263 904 317 Quincti,
941 264 1169 305 familiaris
1208 268 1250 305 et
1288 265 1553 319 propinquus

212 323 303 365 Sex.
342 324 492 377 Naevi,
525 324 664 377 deicit,
696 324 914 364 servulum
941 337 1084 376 unum,
1118 337 1242 377 quem
1268 323 1350 365 iste
1376 324 1553 378 prehen-

211 383 343 437 derat,
370 383 554 435 abducit,
582 382 805 423 denuntiat
832 396 922 422 sese
949 384 1274 435 procuratorem
1294 396 1397 436 esse,
1423 382 1554 424 istum

211 456 392 496 aequum
432 455 523 482 esse
561 440 701 481 famae
739 440 1010 494 fortunisque
1042 440 1086 482 P.
1119 439 1292 488 Quincti
1332 441 1587 484 consulere5
1672 451 1677 475 ὅ

211 503 253 541 et
286 500 516 541 adventum
550 499 639 540 eius
673 502 937 554 exspectare3
970 499 1082 553 quod
1115 499 1150 539 si
1182 499 1321 540 facere
1352 500 1463 541 nolit
1496 502 1556 541 at·
1684 513 1685 528 ¹

211 574 292 612 que
324 558 546 598 imbiberit
579 558 668 598 eius
695 558 811 599 modi
837 557 1077 599 rationibus
1104 557 1229 599 illum
1256 558 1309 599 ad
1335 572 1434 599 suas
1462 573 1555 600 con·
1683 562 1685 566 ⁴

211 617 397 658 diciones
424 617 666 670 perducere,
699 631 790 658 sese
821 617 931 657 nihil
958 617 1124 671 precari
1151 619 1204 670 et,
1238 617 1274 657 si
1301 617 1402 670 quid
1429 631 1555 672 agere
1658 663 1659 666 Ἴ

210 676 335 728 velit,
372 675 528 716 iudicio
568 675 802 717 defendere.
858 675 975 717 Haec
1008 675 1107 716 dum
1140 675 1303 716 Romae
1337 678 1555 731 geruntur,
1658 683 1685 707 >1

211 733 434 782 Quinctius
473 735 639 775 interea
683 737 832 776 contra
875 734 959 788 ius,
1005 734 1374 789 consuetudinem,
1419 734 1605 778 edictam
1658 742 1685 775 :210¹

210 795 459 847 praetorum
480 793 530 834 de
551 794 665 834 saltu
680 807 869 848 agroque
890 793 1105 834 communi
1126 807 1151 833 a
1171 792 1306 834 servis
1326 793 1556 834 communi-
1658 825 1659 831 1
1681 800 1685 825 1

209 851 290 893 bus
323 852 365 892 vi
399 852 651 892 detruditur.
1683 859 1685 872 ¹

299 910 527 964 Existima,
554 909 598 952 C.
619 911 780 965 Aquili,
807 911 934 952 modo
962 913 1004 951 et
1031 911 1197 951 ratione
1224 910 1368 951 omnia
1394 909 1556 952 Romae

209 968 423 1010 Naevium
460 969 629 1023 fecisse,
675 970 711 1010 si
748 970 846 1022 hoc,
891 969 1003 1023 quod
1041 984 1116 1023 per
1154 968 1324 1010 litteras
1356 969 1483 1010 istius
1513 969 1557 1011 in

211 1027 355 1069 Gallia
369 1030 540 1084 gestum
561 1032 638 1082 est,
653 1031 766 1069 recte
788 1031 915 1082 atque
931 1028 1078 1068 ordine
1093 1029 1255 1069 factum
1269 1042 1361 1069 esse
1376 1028 1554 1070 videtur.
1576 1044 1606 1070 1⁵
1658 1037 1685 1062 ³15(

210 1087 429 1153 Expulsus
469 1090 598 1141 atque
638 1088 795 1128 eiectus
835 1101 856 1127 e
900 1087 1074 1141 praedio
1114 1085 1337 1135 Quinctius
1384 1090 1558 1141 accepta
1681 1087 1685 1133 []

210 1146 371 1200 insioni
408 1146 565 1187 iniuria
603 1146 796 1197 eonfusrit
835 1145 887 1186 ad
926 1144 969 1186 C.
1002 1145 1203 1187 Flaccum
1241 1145 1558 1211 imperatorem
1681 1154 1685 1169 ⁵

211 1206 283 1258 qui
297 1184 408 1246 otum
442 1207 534 1245 erat
566 1205 611 1245 in
648 1204 886 1259 provincia,
926 1219 1070 1258 quem,
1108 1207 1156 1245 ut
1194 1204 1330 1258 ipsius
1369 1204 1557 1260 dionitas
1679 1213 1685 1238 1

210 1263 367 1318 poscit,
413 1264 588 1304 110110113
635 1263 777 1318 gratia
820 1263 1008 1304 nomino.
1076 1262 1118 1303 Is
1162 1278 1255 1303 eam
1301 1277 1390 1304 rem
1431 1278 1557 1317 quam
1678 1261 1684 1296 1

209 1322 484 1363 vehementer
510 1322 809 1364 vindicandam
842 1322 1017 1375 putarit,
1050 1336 1099 1362 ex
1133 1321 1310 1362 decretis
1345 1321 1434 1362 eius
1466 1325 1557 1376 pot-
1577 1339 1606 1364 20
1658 1329 1685 1355 *05

215 1381 334 1422 eritis
382 1395 652 1436 cognoscere.
714 1381 896 1421 Alfenus
942 1380 1106 1420 interea
1139 1380 1302 1420 Romae
1345 1395 1440 1421 cum
1472 1381 1556 1422 isto
1679 1389 1685 1414 l

213 1440 453 1494 gladiatore
492 1440 636 1480 vetulo
676 1439 831 1480 cotidie
869 1439 1109 1493 pugnabat3
1154 1439 1356 1479 utebatur
1396 1440 1556 1494 populo

213 1513 313 1539 sane
353 1513 447 1552 suo,
485 1501 716 1553 propterea
755 1497 868 1552 quod
906 1498 987 1538 iste
1026 1500 1154 1552 caput
1196 1500 1341 1552 petere
1373 1513 1459 1539 non
1492 1499 1557 1540 de-
1681 1509 1685 1531 ⁴

212 1558 391 1598 sinebat.
442 1557 531 1598 Iste
564 1557 776 1611 postulat,
813 1559 861 1597 ut
892 1559 1147 1610 procurator
1179 1556 1414 1598 iudicatum
1448 1557 1557 1598 solvi
1656 1565 1685 1598 ,2

212 1616 318 1657 satis
347 1616 486 1669 daret,
516 1618 650 1671 negat
682 1615 865 1656 Alfenus
898 1630 1079 1669 aequum
1111 1629 1202 1656 esse
1234 1618 1556 1669 procuratorem
1576 1631 1606 1657 25
1656 1623 1684 1650 ²30

211 1675 316 1716 satis
351 1675 470 1725 dare,
502 1675 615 1728 quod
646 1689 743 1715 reus
777 1674 882 1714 satis
916 1674 1016 1714 dare
1048 1688 1135 1714 non
1168 1674 1358 1727 deberet,
1397 1674 1434 1714 si
1465 1674 1556 1729 ipse
1674 1683 1685 1709 C*

211 1733 391 1774 adesset.
447 1733 739 1787 Appellantur
764 1732 944 1785 tribuni3
977 1747 1002 1773 a
1028 1732 1181 1786 quibus
1209 1747 1303 1774 cum
1331 1735 1444 1774 essct
1474 1748 1557 1774 cer·
1673 1727 1685 1767 1

211 1795 303 1833 tum
342 1792 550 1832 auxilium
582 1792 784 1846 petitum,
822 1791 884 1832 ita
922 1794 1014 1832 tum
1047 1791 1295 1844 disceditur,
1336 1794 1384 1832 ut
1416 1791 1556 1833 idibus
1672 1786 1685 1826 11

211 1849 538 1905 Septembribus
583 1850 629 1891 P.
674 1849 920 1898 Quinctium
966 1850 1061 1890 sisti
1106 1848 1198 1891 Sex,
1242 1849 1424 1892 Alfenus
1462 1865 1557 1906 pro·
1672 1860 1685 1885 n

212 1910 417 1950 mitteret.
1540 1928 1543 1931 ·
1575 1926 1606 1951 30
1654 1903 1685 1961 §li

299 1968 431 2009 Venit
468 1968 653 2009 Romam
690 1967 930 2021 Quinctius,
968 1967 1263 2009 vadimonium
1290 1968 1416 2010 sistit.
1457 1968 1557 2023 Iste,
1644 1962 1685 2034 [11

211 2028 340 2069 1101110
368 2027 612 2080 acerrimus,
638 2027 849 2068 bonorum
876 2041 1110 2081 possessor,
1137 2027 1349 2081 expulsor,
1377 2030 1559 2082 ereptor,

212 2101 369 2128 annum
403 2089 446 2127 et
478 2101 551 2127 sex
584 2100 752 2127 menses
785 2085 892 2126 nihil
926 2086 1047 2140 petit,
1081 2085 1272 2139 quiescit,
1304 2085 1557 2127 condicioni-

211 2146 290 2186 bus
335 2146 466 2198 hunc,
508 2145 648 2199 quoad
686 2147 847 2199 potest,
892 2144 1106 2198 producit,
1151 2159 1175 2184 a
1214 2142 1287 2185 Cn.
1328 2143 1557 2186 Dolabella

213 2263 321 2303 solvi
344 2263 449 2303 satis
472 2263 543 2304 det
570 2276 619 2302 ex
645 2262 849 2303 formula:
877 2273 1002 2310 QUOD
1029 2273 1086 2301 AB
1115 2273 1172 2301 Eo
1201 2273 1360 2315 PETA'P,
1388 2273 1556 2312 Quouis

212 2332 271 2362 Ex
304 2332 476 2363 EDICTO
509 2332 762 2362 PRAETORIS
789 2331 913 2361 BONA
939 2331 1044 2361 DIES
1071 2331 1168 2360 xxx
1194 2331 1417 2362 Ρο33Ε33Α
1443 2332 1556 2364 SINT.
