1618 2584
169 270 254 312 326
572 270 623 304 m
650 270 685 304 6.
707 269 910 303 VERREM
936 269 1038 304 Aer.
1066 270 1108 304 11.

170 382 317 409 60116111
339 370 460 408 tuum
481 368 801 421 recuperatores
823 366 944 407 dabis
966 367 1040 407 aut
1059 366 1183 408 illum
1205 367 1336 408 etiam
1357 368 1511 422 ipsum,

170 441 295 481 quem
334 429 381 467 tu
419 427 463 466 111
494 426 671 466 cohorte
702 428 777 466 tua
811 423 1063 466 Cassianum
1095 425 1276 467 iudicem
1309 427 1512 478 habebas,

171 486 205 526 si
229 500 311 539 qua
332 500 398 525 res
420 485 557 525 maior
584 486 708 537 esset,
735 484 954 538 Papirium
976 484 1271 538 Potamonem,
1294 485 1512 526 hominem

171 559 366 586 severum
393 558 442 584 ex
469 545 610 583 vetere
637 543 715 583 illa
741 543 928 597 equestri
961 542 1217 597 disciplina?
1273 542 1512 585 Scandilius

170 603 391 657 postulare
419 602 468 642 de
495 604 707 643 conventu
733 604 1068 656 recuperatores.
1125 602 1234 643 Tum
1266 603 1349 644 iste
1380 606 1513 658 negat
1533 615 1547 638 5
1602 644 1604 658 ‚

172 677 215 703 se
261 662 310 702 de
356 661 673 702 existimatione
719 676 794 702 sua
833 661 1031 715 cuiquam
1069 661 1153 702 nisi
1193 661 1280 702 suis
1319 662 1513 703 commis-

172 735 329 762 surum.
385 720 691 775 Negotiatores
719 720 802 760 sibi
830 722 985 774 putant
1017 734 1110 761 esse
1142 723 1267 776 turpe
1298 720 1342 761 id
1372 720 1514 762 forum

173 780 254 820 sibi
297 779 491 833 iniquum
537 779 714 832 eierare,
757 779 831 819 ubi
871 779 1164 834 negotientur,
1208 782 1383 834 praetor
1419 795 1515 834 pro-

104 847 168 877 138
195 838 380 880 vinciam
425 853 545 879 suam
587 838 670 879 sibi
708 840 845 878 totam
882 838 1074 892 iniquam
1106 838 1251 879 eierat.
1308 839 1341 879 O
1378 839 1514 893 impu-

173 898 361 939 dentiam
391 897 672 951 singularem!
729 896 811 937 Hic
842 898 1036 951 postulat
1069 911 1113 938 se
1139 897 1302 938 Romae
1336 898 1515 951 absolvi,
1537 910 1569 935 10
1597 908 1600 939 1

174 957 245 1011 qui
283 957 328 997 in
366 970 443 997 sua
474 956 694 1010 provincia
726 956 925 996 iudicarit
958 956 1126 997 absolvi
1159 971 1203 996 se
1235 957 1354 997 nullo
1388 957 1514 998 modo
1597 964 1598 968 ’

172 1030 317 1071 posse,
357 1016 429 1069 qui
467 1015 564 1070 plus
604 1015 820 1056 existimet
859 1015 971 1069 apud
1004 1015 1261 1056 lectissimos
1296 1018 1515 1056 senatores
1595 1051 1596 1071 Ξ

173 1075 397 1130 pecuniam
425 1089 553 1128 quam
581 1074 694 1128 apud
719 1076 807 1114 ties
833 1074 1128 1127 iie‹r‹)tiatores
1160 1076 1322 1115 metum
1354 1075 1515 1115 valere}
1595 1075 1596 1120 1

175 1134 414 1176 beandilius
435 1148 535 1174 ν610
556 1148 607 1174 111
601 1148 634 1167 ‹
629 1136 688 1173 at
709 1148 800 1174 sese
822 1148 874 1187 ap
869 1118 934 1173 11(1
950 1132 1272 1174 Artemidorum
1296 1148 1516 1188 recupera·
1593 1170 1614 1188 3,

173 1196 312 1234 torem
354 1193 530 1234 verbum
574 1207 665 1233 esse
702 1192 917 1233 1Ὴε16111111111
956 1194 998 1232 et
1036 1195 1181 1233 tamen
1219 1195 1349 1247 auget
1387 1195 1515 1247 atque
1538 1204 1568 1230 15
1593 1189 1613 1235 ’Ξ

175 1255 326 1293 onerat
363 1255 405 1292 te
445 1251 570 1292 bonis
610 1251 949 1304 condicionibus,
989 1251 1024 1291 si
1059 1254 1107 1292 tu
1139 1251 1201 1292 uti
1234 1252 1359 1305 velis,
1399 1252 1434 1292 si
1467 1266 1516 1293 ex

173 1311 396 1366 provincia
428 1309 573 1351 Sicilia
611 1312 706 1351 tota
739 1312 906 1351 statuas
940 1310 1072 1351 alium
1104 1310 1285 1352 iudicem
1316 1311 1517 1352 idoneum

175 1373 250 1412 aut
276 1372 619 1424 recuperatorem
646 1370 813 1409 nullum
839 1384 966 1424 posse
992 1369 1182 1423 reperiri,
1213 1370 1407 1424 postulat
1440 1370 1515 1410 abs

107 1438 171 1468 139
199 1432 253 1483 te,
278 1432 326 1470 ut
346 1429 529 1470 Romam
550 1443 640 1469 rem
661 1428 822 1469 reicias.
868 1428 949 1469 Hic
970 1428 1081 1468 enim
1103 1443 1202 1469 vero
1230 1431 1276 1469 tu
1303 1429 1516 1470 exclamas

175 1489 393 1530 hominem
431 1487 694 1542 improbum,
734 1487 806 1541 qui
844 1488 1037 1541 postulet
1074 1487 1134 1528 ibi
1174 1487 1223 1528 de
1262 1490 1337 1528 tua
1375 1488 1517 1529 existi·
1536 1499 1589 1528 201

176 1548 364 1589 matione
390 1547 592 1587 iudicium
622 1546 725 1599 ficri,
758 1546 830 1587 ubi
862 1549 905 1586 te
936 1546 1194 1587 invidiosum
1228 1561 1320 1588 esse
1351 1547 1517 1588 intelle-

177 1610 269 1662 gat3
301 1620 434 1661 negas
467 1608 509 1647 te
539 1606 721 1646 Romam
754 1605 1027 1658 reiecturum,
1059 1619 1191 1660 negas
1225 1605 1275 1646 de
1307 1609 1518 1647 conventu

175 1668 497 1720 recuperatores
519 1664 730 1718 daturum,
755 1664 976 1705 cohortem
996 1667 1115 1705 tuam
1136 1665 1353 1718 proponis.
1393 1663 1517 1706 Scan-

176 1725 303 1766 dilius
342 1739 431 1765 rem
470 1738 514 1764 se
552 1726 691 1765 totam
724 1723 971 1764 relicturum
1006 1723 1108 1764 dicit
1140 1726 1182 1764 et
1215 1738 1290 1765 suo
1324 1726 1517 1778 tempore

176 1799 267 1825 esse
300 1783 549 1824 rediturum.
607 1782 744 1831 Quid?
777 1785 824 1823 tu
856 1783 916 1822 ibi
949 1785 1041 1823 tum
1075 1782 1174 1836 quid
1206 1783 1341 1824 facis?
1393 1782 1516 1824 Scan·
1535 1793 1566 1819 25
1617 1778 1618 1781 ¹

175 1843 325 1883 dilium
365 1842 483 1897 cogis
522 1867 578 1870 —
618 1842 747 1895 quid?
787 1842 1060 1895 sponsionem
1097 1844 1316 1895 acceptam
1346 1841 1515 1883 facere?

174 1901 436 1956 Inpudenter
462 1900 581 1941 tollis
612 1902 881 1954 expectatum
917 1900 1248 1941 existimationis
1282 1903 1380 1941 tuae
1412 1900 1517 1941 iudi-

107 1967 173 1998 140
199 1961 329 2013 cium3
361 1974 447 2000 non
472 1959 590 2000 facis.
648 1959 758 2007 Quid
791 1959 923 2014 ergo?
968 1959 1161 2013 Apronio
1194 1960 1424 2013 permittis,
1457 1962 1516 2013 ut,

177 2034 282 2074 quos
307 2019 424 2072 velit,
451 2018 500 2059 de
527 2019 702 2059 cohorte
730 2021 871 2059 sumat
897 2018 1249 2072 recuperatores?
1286 2018 1516 2073 Indignum

176 2079 248 2119 11111
275 2079 417 2132 potius
446 2093 495 2118 ex
521 2077 679 2131 iniquis
707 2077 905 2118 sumundi
936 2092 1063 2130 quam
1091 2077 1261 2131 utrique
1287 2092 1337 2118 ex
1370 2077 1514 2131 aequis
1535 2088 1564 2113 30

175 2137 381 2179 reiciundi
406 2137 498 2177 fieri
524 2139 797 2191 potestatem.
838 2135 1050 2177 Neutrum
1076 2136 1182 2177 facis
1211 2151 1367 2177 eorum.
1408 2136 1514 2185 Quid

176 2197 308 2251 ergo?
376 2196 511 2237 Estne
556 2196 735 2249 aliquid,
781 2195 894 2249 quod
937 2195 1175 2249 improbius
1218 2195 1309 2235 fieri
1350 2195 1515 2249 possit?

174 2255 274 2309 Est3
298 2255 414 2309 cogit
436 2255 548 2295 enim
569 2254 831 2296 Scandilium
854 2254 1039 2308 quinque
1060 2254 1135 2295 illa
1156 2254 1276 2294 milia
1295 2268 1516 2295 nummum
1575 2264 1576 2268 ’

175 2315 276 2355 daie
310 2317 438 2368 itque
472 2314 751 2355 adnumerare
779 2313 984 2367 Apronio.

264 2372 374 2421 Quid
402 2373 545 2427 potuit
578 2372 817 2427 elegintius
849 2372 988 2413 ficere
1020 2373 1195 2426 praetor
1214 2371 1404 2437 *cupidus
1437 2371 1515 2413 exi·
1534 2379 1573 2406 3⁵

177 2431 439 2472 stimationis
466 2433 615 2484 bonae,
649 2432 721 2485 qui
748 2432 801 2472 ab
829 2446 873 2472 se
904 2446 1072 2471 omnem
1106 2430 1391 2484 suspicionem
1423 2444 1516 2485 pro·
1570 2481 1571 2486 ¹

106 2493 157 2534 [31
175 2491 360 2544 pulsare,
394 2491 466 2545 qui
493 2506 535 2531 se
564 2490 727 2546 eripere
756 2505 804 2530 ex
831 2488 1010 2530 infamia
1036 2490 1239 2544 cuperet?
1297 2489 1515 2530 Adductus
