1618 2584
364 233 453 268 Llss.
480 233 530 268 111
575 233 674 268 CAP.
703 238 839 268 51—53
866 237 884 275 ξ
914 237 1106 268 120—124.
1318 235 1402 276 319

67 330 274 372 stratibus
320 329 482 370 nostris
528 332 786 383 tractentur,
834 344 921 371 non
964 329 1191 384 laboratis,
1239 332 1284 371 at
1327 346 1402 372 vos

66 402 333 430 communem
359 388 509 442 populi
535 388 720 429 Romani
746 403 919 430 causam
946 388 1149 442 suscipite
1177 391 1304 442 atque
1337 389 1403 430 de-

65 447 235 488 fendite.
297 446 470 487 Eiectos
510 450 701 488 aratores
742 462 833 488 csse
867 447 977 501 dico,
1016 461 1144 502 agros
1177 448 1402 503 vectigalis

66 508 241 547 vexatos
281 507 408 559 atquc
448 505 687 546 exinanitos
727 520 751 545 a
781 505 932 559 Verre,
973 506 1226 560 populatam
1265 509 1404 547 vasta-

30 567 240 618 5tamque
283 564 565 618 provinciam3
610 564 715 605 haec
759 564 904 605 omnia
942 565 1070 606 doceo
1109 565 1267 605 litteris
1306 566 1403 606 civi—

65 625 216 676 tatum,
244 623 423 663 ostendo
444 622 703 663 testimoniis
725 624 766 662 et
789 623 972 677 publicis
999 623 1399 665 honestissimarum

65 682 289 723 civitatum
310 684 353 722 et
372 681 553 735 privatis
580 680 883 735 primariorum
911 682 1116 735 virorum3
1144 682 1245 736 quid
1271 683 1402 723 vultis
1418 681 1475 722 53

66 740 279 794 amplius?
328 754 431 780 num
476 739 727 793 expectatis,
773 740 872 780 dum
916 740 961 781 L.
993 740 1213 793 Metellus,
1256 741 1292 782 is
1332 742 1406 795 qui

64 799 224 840 multos
256 798 301 839 in
332 798 463 839 istum
495 798 619 839 testis
651 798 831 851 imperio
865 801 907 840 et
938 802 1153 853 potestate
1186 800 1405 853 deterruit,

15 870 45 895 10
64 858 175 898 idem
220 857 372 898 absens
417 857 467 897 de
504 857 629 897 istius
669 858 843 911 scelere,
885 857 1184 911 improbitate,
1229 859 1406 900 audacia

64 916 360 957 testimonium
399 915 540 956 dicat?
603 914 702 957 Non
734 915 897 970 opinor.
953 916 1014 956 At
1044 916 1081 957 is
1115 917 1294 971 optime,
1333 918 1405 971 qui

65 975 268 1016 successit
293 974 378 1027 isti,
410 974 553 1028 potuit
585 988 852 1029 cognoscere.
908 974 977 1015 Ita
1009 977 1092 1029 est3
1123 990 1271 1016 verum
1304 976 1406 1017 ami-

65 1034 166 1076 citia
203 1033 446 1087 impeditur.
506 1033 567 1073 At
606 1033 731 1074 debet
767 1048 843 1074 vos
883 1033 1086 1074 certiores
1124 1033 1282 1089 facer,e
1321 1049 1404 1088 quo

64 1095 190 1147 pacto
218 1107 262 1133 se
288 1092 447 1132 habeat
472 1091 704 1146 provincia.
758 1091 916 1145 Debet,
950 1107 1098 1134 verum
1123 1094 1270 1134 tamen
1295 1108 1382 1134 non
1409 1102 1476 1132 123

14 1163 45 1188 15
65 1151 244 1207 cogitur.
300 1150 415 1191 Num
449 1151 543 1204 quis
575 1150 620 1191 in
639 1150 818 1191 Verrem
845 1150 890 1191 L.
911 1150 1077 1192 Metelli
1108 1151 1406 1193 testimonium

64 1209 273 1264 requirit?
334 1208 484 1250 Nemo.
540 1208 656 1250 Num
695 1209 788 1262 quis
827 1210 1051 1264 postulat?
1107 1209 1206 1251 Non
1242 1210 1406 1264 opinor.

66 1269 204 1318 Quid?
237 1268 273 1309 si
308 1267 557 1309 testimonio
583 1267 628 1308 L.
654 1267 821 1308 Metelli
853 1283 901 1309 ac
934 1268 1092 1309 litteris
1124 1268 1230 1309 haec
1262 1269 1406 1310 omnia

64 1342 165 1368 vera
204 1342 294 1368 esse
335 1327 511 1380 docebo,
557 1326 658 1380 quid
694 1326 872 1367 dicetis?
921 1329 1067 1367 utrum
1105 1326 1149 1368 L.
1181 1326 1406 1368 Metellum

63 1386 222 1428 falsum
268 1379 468 1427 scribere'
498 1400 552 1426 an
596 1385 780 1426 amicum
824 1385 1020 1426 laedendi
1064 1400 1156 1426 esse
1194 1386 1406 1440 cupidum,

0 1457 46 1489 ,20
67 1460 120 1486 an
146 1447 400 1498 praetorem,
433 1458 559 1497 quem
592 1444 644 1484 ad
677 1444 850 1485 modum
882 1444 1105 1498 provincia
1138 1444 1305 1486 adfecta
1339 1445 1407 1498 sit,

0 1503 1 1508 ’
65 1504 256 1545 nescire?
312 1503 463 1544 Recita
493 1503 661 1543 litteras
689 1503 732 1543 L.
753 1502 930 1556 Metelli,
964 1517 1069 1557 quas
1103 1503 1156 1544 ad
1183 1502 1256 1544 Cn.
1282 1503 1407 1544 Pom-

65 1562 207 1616 peium
235 1564 277 1602 et
302 1561 360 1602 M.
380 1560 584 1603 Crassum
610 1562 824 1615 consules,
858 1576 962 1615 quas
997 1561 1050 1602 ad
1075 1561 1130 1602 M.
1152 1561 1407 1603 Mummium

65 1624 320 1674 praetorem,
339 1635 443 1674 quas
463 1620 516 1660 ad
534 1622 783 1674 quaestores
802 1620 990 1661 urbanos
1009 1620 1139 1660 misit.
1171 1620 1407 1662 EPISTULA

65 1679 110 1720 L.
142 1679 367 1720 METELLI.
435 1678 656 1720 DECUMAS
701 1691 937 1720 FRUMENTI
982 1690 1104 1719 LEGE
1141 1678 1407 1721 HIERONICA

14 1749 278 1779 25VEND1D1.
340 1737 446 1779 Cum
485 1737 634 1779 scribit
672 1752 714 1778 se
752 1738 847 1792 lege
886 1736 1118 1779 Hieronica
1155 1738 1407 1791 vendidisse,

68 1797 168 1851 quid
212 1796 390 1838 scribit?
458 1795 527 1837 Ita
572 1810 615 1836 se
659 1796 917 1849 vendidisse,
961 1798 1010 1837 ut
1051 1811 1198 1837 omnes
1236 1799 1408 1850 praeter

66 1855 257 1897 Verrem.
319 1854 427 1896 Cum
471 1855 621 1896 scribit
667 1869 710 1895 se
754 1855 849 1910 leo-e
887 1854 1118 1895 Hieronica
1155 1855 1407 1908 vendidisse,

68 1914 168 1969 quid
206 1914 383 1955 scribit?
448 1912 500 1954 Se
538 1928 614 1967 per
652 1913 784 1954 istum
798 1890 970 1968 CJerepta
1002 1912 1157 1954 Siculis
1196 1913 1408 1955 maiorum

66 1976 312 2015 nostrorum
348 1972 570 2031 beneficia,
607 1972 673 2013 ius
705 1972 916 2027 ipsorum,
955 1972 1246 2013 condicionem
1280 1973 1408 2013 socie-

16 2042 48 2068 30
66 2032 188 2085 tatis,
221 2026 451 2084 amicitiae,
483 2031 700 2072 foederum
734 2031 978 2071 reddidisse.
1035 2030 1169 2084 Dicit,
1203 2032 1353 2084 quanti
1381 2030 1479 2073 (124)

67 2091 268 2145 cuiusque
294 2090 388 2145 agri
415 2090 612 2130 decumas
638 2089 895 2143 vendiderit,
923 2089 1072 2130 deinde
1101 2064 1200 2143 quid
1229 2089 1406 2130 scribit?

69 2148 229 2190 SUMMA
255 2162 303 2190 VI
330 2160 453 2189 DATA
478 2159 560 2189 EST
588 2160 617 2188 A
643 2160 706 2189 ME
735 2159 898 2201 OPERA,
929 2160 988 2189 UT
1016 2160 1145 2197 QUAM
1178 2160 1382 2190 PLURIMO
1411 2157 1478 2187 124

68 2219 280 2249 DECUMAs
324 2219 592 2248 VENDEREM.
661 2205 746 2247 Cur
788 2206 940 2261 igitur,
984 2205 1176 2261 Metelle,
1219 2221 1305 2247 non
1345 2207 1408 2247 ita

68 2281 223 2321 magno
268 2265 526 2308 vendidisti?
594 2264 703 2313 Quia
747 2265 936 2306 desertas
982 2265 1216 2318 arationes,
1266 2265 1407 2307 inanis

21 2336 49 2361 35
70 2340 214 2380 agros,
266 2325 531 2378 provinciam
583 2324 784 2364 miseram
832 2324 1130 2378 perditamque
1182 2324 1409 2365 offendisti.

70 2383 206 2432 Quid?
250 2383 294 2424 id
331 2384 491 2438 ipsum,
530 2383 643 2437 quod
681 2385 822 2423 satum
861 2385 944 2434 est,
983 2397 1066 2436 qua
1097 2382 1263 2423 ratione
1297 2383 1410 2437 quis-

70 2456 195 2496 quam
231 2443 304 2496 qui
336 2444 496 2483 sereret
528 2442 726 2483 inventus
760 2441 853 2482 est?
908 2441 1069 2482 Recita.
1126 2441 1314 2483 Litteras
1348 2441 1408 2482 ait
