1618 2584
144 552 208 583 107

146 1256 210 1287 108
239 1260 330 1286 0330
350 1245 550 1299 praetori.
590 1244 835 1309 Apponitur
857 1244 915 1284 eis
942 1247 1088 1284 tamen
1121 1247 1343 1285 accusator
1363 1244 1552 1287 Naevius

149 2191 213 2221 109
240 2181 523 2222 humanitatis
556 2195 756 2221 revocare
789 2181 958 2234 potuit?
1016 2180 1095 2222 Sed
1129 2182 1230 2235 quid
1266 2196 1344 2236 ego
1378 2183 1554 2237 hospitii

211 213 296 253 468
612 211 661 244 IN
690 211 725 245 C.
748 211 952 245 VERREM
979 211 1082 245 ACT.
1111 212 1152 245 ΙΙ.

212 308 438 361 tribueret,
479 323 585 361 quae
625 308 762 348 omnis
801 309 976 360 propter
1015 307 1241 348 avaritiam
1279 308 1413 361 ipsius
1448 309 1551 349 acci-

213 367 361 421 disset,
401 369 492 418 aut,
531 381 626 406 cum
664 366 754 419 ipse
787 365 1049 419 praedonum
1084 365 1222 406 socius
1255 366 1551 420 arbitraretur,

213 426 309 466 aliis
355 425 609 478 proditionis
657 424 816 464 crimen
854 423 1050 476 01Ὲο11οἠ1
1096 423 1244 464 deinde
1281 424 1362 466 hoc
1402 425 1550 478 quinto

213 484 388 526 decumo
417 483 481 523 die
509 483 670 523 crimen
696 496 787 523 esse
813 484 976 536 natum,
1008 484 1235 536 postquam
1262 483 1411 524 classis
1439 487 1551 524 esset

237 543 405 583 amissa.
457 540 565 582 Cum
592 542 695 582 haec
721 541 783 581 ita
808 541 971 594 fierent,
1004 541 1300 594 quaerebatur,
1332 542 1406 582 ubi
1440 546 1572 583 esset:
1597 558 1614 576 ω

214 600 476 653 Cleomenes,
502 614 588 640 non
615 614 697 654 quo
724 599 847 640 illum
874 600 1027 652 ipsum,
1054 599 1308 640 cuicuimodi
1335 603 1411 653 est,
1441 601 1552 654 quis-

213 674 341 713 quam
389 658 599 712 supplicio
644 661 821 712 pioptei
864 658 970 698 illud
1015 658 1331 699 incommodum
1376 659 1551 714 dignum

211 720 402 772 putaiet3
430 732 529 758 nam
551 717 652 771 quid
674 716 923 757 Cleomenes
944 716 1083 757 facere
1104 717 1273 770 potuit?
1309 715 1411 763 (non
1439 718 1551 759 enim

212 790 387 830 possum
433 790 688 830 quemquam
732 775 981 816 insimulare
1026 774 1157 829 falso)
1203 774 1320 829 quid,
1364 775 1551 830 inquam,

214 849 370 889 maono
411 849 536 888 opere
576 834 718 888 potuit
751 833 999 874 Cleomenes
1037 833 1176 874 facere
1209 834 1335 875 istius
1369 836 1576 876 avaritia:

212 894 392 934 navibus
418 892 675 934 exinanitis?
722 892 864 946 Atque
892 907 988 932 eum
1014 892 1159 932 vident
1187 892 1331 933 sedere
1358 893 1411 933 ad
1439 894 1551 935 latus

213 952 425 1006 praetoris
471 954 513 992 et
558 952 610 992 ad
652 965 796 992 aurem
834 950 1125 1003 familiariter,
1169 954 1217 991 ut
1255 951 1409 992 solitus
1448 956 1552 1007 erat,

213 1011 494 1051 insusurrare.
543 1010 653 1050 Tum
679 1024 778 1050 vero
807 1010 1004 1049 omnibus
1034 1009 1381 1064 indignissimum
1412 1011 1552 1052 visum

214 1072 278 1110 est
320 1069 514 1109 homines
552 1068 882 1109 honestissimos
921 1068 1078 1109 electos
1119 1082 1139 1108 e
1179 1068 1265 1108 suis
1305 1069 1551 1111 civitatibus

213 1129 254 1168 iu
276 1127 437 1168 ferrum
459 1131 586 1181 atque
606 1127 649 1167 in
670 1127 812 1168 vincla
832 1126 1057 1179 coniectos,
1086 1125 1354 1167 Cleomenem
1376 1131 1552 1182 propter
1572 1142 1587 1176 1¹
1602 1159 1612 1164 „

215 1187 479 1241 flagitiorum
495 1201 542 1227 ac
557 1185 873 1239 turpitudinum
896 1186 1144 1226 societatem
1165 1185 1552 1229 familiarissimum

214 1302 375 1357 Turpio
410 1303 599 1357 quidam,
634 1303 706 1356 qui
739 1302 782 1343 C.
811 1302 1037 1343 Sacerdote
1070 1317 1135 1356 111
1125 1305 1267 1343 1·ιοΐο10
1300 1303 1552 1346 iniuriarum

216 1363 443 1403 damnatus
465 1365 541 1415 est,
566 1361 696 1402 homo
717 1362 824 1401 bene
845 1361 1067 1415 adpositus
1090 1361 1141 1401 ad
1168 1361 1292 1401 istius
1320 1362 1552 1416 audaciam,
1588 1355 1610 1403 21¹³

216 1435 340 1474 quem
379 1421 459 1461 iste
492 1421 536 1460 in
569 1420 772 1472 decumis,
811 1419 854 1459 in
887 1420 1014 1460 iebus
1047 1420 1322 1472 capitalibus
1361 1420 1405 1460 in
1437 1422 1552 1462 omni
1571 1434 1584 1458 2

216 1479 430 1521 clumnia
456 1493 778 1532 p1·aecur·sorem
806 1478 964 1518 habere
998 1478 1166 1518 solebat
1199 1481 1240 1518 et
1273 1479 1552 1521 enfissarQum

304 1537 496 1578 Veniunt
528 1536 759 1590 Syracusas
798 1539 997 1590 parentes
1036 1535 1348 1590 propinquique
1382 1538 1553 1580 misero-

216 1612 310 1637 rum
361 1596 696 1637 adulescentium
747 1595 827 1636 hoc
876 1595 1097 1649 repentino
1148 1596 1409 1636 calamitatis
1454 1612 1553 1639 suae
1592 1604 1594 1639 ὲ

215 1655 367 1696 nuntio
390 1654 610 1707 commoti3
636 1654 802 1695 vinctos
830 1654 1042 1708 aspiciunt
1069 1655 1230 1695 catenis
1257 1654 1415 1696 liberos
1443 1670 1553 1710 suos,

217 1729 309 1755 cum
350 1714 474 1754 istius
514 1713 719 1753 avaritiae
758 1727 939 1766 poenam
979 1713 1090 1753 collo
1124 1715 1166 1753 et
1198 1714 1432 1754 cervicibus
1467 1715 1552 1756 suis
1571 1726 1590 1751 2!

218 1772 495 1824 sustinerent3
520 1771 686 1823 adsunt,
708 1771 950 1824 defendunt,
971 1771 1251 1825 proclamant,
1277 1772 1402 1813 fidem
1422 1775 1553 1823 tuam,

218 1846 325 1885 quae
360 1845 569 1883 nusquam
603 1833 695 1870 erat
726 1844 862 1883 neque
894 1844 1097 1883 umquam
1128 1829 1285 1883 fuerat,
1324 1831 1552 1884 inplorant.

217 1890 345 1930 Pater
379 1890 526 1929 aderat
558 1888 677 1928 Dexo
711 1887 1047 1941 Tyndaritanus,
1086 1888 1215 1929 homo
1247 1889 1552 1944 nobilissimus,

216 1948 373 2000 hospes
412 1950 523 1988 tuus.
585 1946 715 1988 Cuius
754 1949 801 1987 tu
837 1946 951 1987 domi
982 1946 1142 2000 fueras,
1182 1962 1307 2000 quem
1339 1948 1552 2002 hospitem

218 2007 475 2060 appellaras,
508 2020 604 2046 eum
632 2020 760 2059 quom
790 2005 864 2045 illa
897 2005 1153 2046 auctoritate
1186 2006 1358 2047 miseria
1390 2008 1552 2049 videres
1570 2018 1614 2046 3⁶5

217 2065 448 2118 perditum,
492 2079 578 2105 non
617 2067 658 2104 te
698 2064 787 2104 eius
826 2064 1056 2117 lacrumae,
1099 2079 1183 2105 non
1221 2067 1431 2119 senectus,
1470 2081 1553 2108 non
1610 2108 1613 2117 ,

218 2123 394 2177 hospitii
424 2123 487 2163 ius
516 2125 644 2176 atque
670 2137 827 2163 nomeu
853 2138 877 2163 a
904 2123 1060 2163 scelere
1088 2123 1277 2176 aliquam
1305 2124 1357 2164 ad
1388 2128 1553 2178 partem

216 2241 311 2281 iura
336 2241 381 2280 iu
407 2240 487 2281 hac
513 2240 675 2280 inmani
703 2240 830 2279 belua
856 2241 1173 2281 commemoro?
1225 2239 1303 2287 Qui
1332 2240 1553 2283 Sthenium

1592 1647 1618 1693 ld¹

1607 1711 1617 1753 h

1595 1771 1618 1811 *i

1596 1829 1618 1882 ¹l

1596 1891 1616 1929 ζο

1609 1961 1617 2000 l

218 2298 562 2350 Thermitanum,
598 2298 814 2351 hospitem
848 2312 986 2351 suum,
1020 2298 1136 2338 cuius
1171 2298 1342 2339 domum
1376 2315 1451 2353 per
1483 2301 1596 2341 lio-35

218 2358 394 2411 spitium
428 2356 624 2397 exhausit
657 2359 699 2396 et
732 2356 982 2409 exinanivit,
1015 2357 1237 2397 absentem
1269 2358 1313 2398 in
1346 2373 1441 2399 reos
1474 2362 1552 2400 ret-

218 2416 383 2468 tulerit,
428 2429 556 2456 causa
599 2414 759 2455 indicta
804 2415 942 2468 capite
988 2414 1219 2469 damnarit,
1265 2417 1317 2456 ab
1361 2432 1409 2458 eo
1447 2431 1553 2458 nunc

1609 2079 1618 2104 1

1610 2137 1617 2163 e

1609 2196 1618 2235 l]

1610 2254 1617 2280 e

1610 2312 1618 2339 1

1610 2372 1615 2397 1

1609 2414 1618 2456 l
