1618 2584
456 71 555 107 CAP.
579 76 717 107 12—14
743 77 762 116 ξ,
788 77 936 108 83-40.
1317 74 1372 115 93

122 167 180 209 Et
215 181 267 208 ne
306 166 419 208 forte
451 182 519 209 me
550 168 632 210 hoc
661 168 824 210 frustra
855 169 1096 224 pollicitum
1129 182 1220 210 esse
1251 183 1369 223 prae·
1388 167 1437 207 13

37 227 165 279 dices,
190 228 251 279 te,
276 227 339 279 te,
371 225 567 281 inquam,
598 226 752 280 Famii,
784 228 837 268 ab
864 228 950 269 tuis
977 227 1193 269 subselliis
1220 230 1369 269 contra

35 288 79 328 te
113 286 268 326 testem
306 284 534 327 suscitabo.
597 284 850 327 Criminatio
888 289 964 327 tua
998 301 1105 340 quae
1139 285 1232 327 est?
1288 286 1370 327 Ro-

37 343 168 386 scium
205 356 300 384 cum
331 340 482 384 Flavio
514 357 593 397 pro
627 344 830 386 societate
862 345 1078 386 decidisse.
1141 344 1233 393 Quo
1265 346 1370 385 tem-

36 400 166 458 pore?
226 399 397 442 Abhinc
442 401 564 442 annis
599 414 671 443 xv.
737 402 940 445 Defensio
984 418 1080 445 mea
1123 417 1231 458 quae
1275 402 1369 453 est?

36 459 235 502 Roscium
272 473 351 514 pro
391 474 467 500 sua
501 462 623 514 parte
656 475 749 502 cum
780 461 930 503 Flavio
962 462 1236 516 transegisse.
1291 461 1370 502 Re-

0 557 3 566 ,
34 517 251 575 promittis
289 520 338 558 tu
376 518 531 559 abhinc
568 518 801 560 triemiium
832 520 998 562 Roscio.
1055 520 1193 569 Quid?
1237 519 1371 562 recita

34 577 163 619 istam
193 576 564 631 restipulationem
597 577 766 618 clarius.
819 579 1018 633 Attende,
1051 593 1221 634 quaeso,
1252 578 1370 632 Piso3

35 634 241 677 Fannium
285 634 468 676 invitum
508 637 550 676 et
587 635 669 677 huc
708 639 835 690 atque
872 637 975 678 illuc
1012 638 1370 693 tergiversantem

36 693 327 736 testimonium
360 696 511 734 eontra
543 707 587 734 se
619 694 756 735 dicere
788 709 908 750 cogo.
965 695 1073 744 Quid
1105 696 1217 737 enim
1248 696 1369 736 resti-

35 751 197 808 pulatio
224 752 412 793 clamat?
458 763 582 802 QUOD
609 764 637 792 A
669 764 840 794 FLAvm
872 765 1153 806 AsssTULERo,
1184 766 1371 795 PARTEM

14 821 255 854 Ἰ111111111111111
280 822 392 851 INDE
420 821 585 852 ROSCIO
612 823 675 851 ME
703 823 981 853 soLUTURUM
1007 824 1230 855 SPONDEO.
1279 813 1371 854 Tua

35 883 115 912 vox
151 871 235 922 est,
272 868 420 910 Fanni.
484 869 594 918 Quid
631 872 680 910 tu
718 870 884 911 auferre
915 874 1038 924 potes
1072 887 1096 912 a
1127 871 1296 925 Flavio,
1335 872 1370 912 si
1397 878 1440 909 38

35 926 206 970 Flavius
231 927 341 968 nihil
368 927 524 968 debet?
558 927 658 982 quid
684 927 753 969 hic
778 943 906 983 porro
935 944 1046 971 nunc
1078 930 1371 984 restipulatur,

37 986 146 1042 quod
175 986 262 1027 iam
293 986 457 1041 pridem
491 986 582 1041 ipse
614 987 786 1042 exegit?
819 988 920 1041 quid
951 1003 1052 1029 vero
1083 987 1257 1030 Flavius
1289 989 1369 1030 tibi

36 1045 210 1087 daturus
241 1047 317 1098 est,
351 1045 424 1099 qui
449 1044 605 1086 Roscio
638 1059 774 1099 omne,
807 1046 920 1099 quod
952 1046 1109 1100 debuit,
1142 1047 1370 1089 dissolvit?

36 1103 119 1146 Cur
155 1104 201 1144 in
236 1118 282 1145 re
319 1106 412 1145 tam
447 1106 610 1158 vetere,
653 1104 698 1144 in
734 1105 910 1159 negotio
949 1105 1035 1146 iam
1074 1105 1286 1159 confecto,
1326 1106 1371 1146 in

37 1162 238 1205 societate
259 1162 470 1204 dissoluta
488 1177 600 1204 nova
619 1162 725 1204 haec
750 1163 1024 1217 restipulatio
1051 1164 1369 1218 interponitur?

37 1221 128 1276 quis
163 1223 229 1262 est
259 1221 386 1262 huius
418 1221 761 1275 restipulationis
795 1222 995 1276 scriptor,
1034 1222 1160 1263 testis
1193 1222 1370 1264 arbiter-

37 1279 144 1335 que?
199 1279 283 1333 Tu,
326 1279 445 1333 Piso3
484 1282 532 1320 tu
570 1279 682 1321 enim
722 1279 768 1328 Q.
800 1280 1004 1322 Roscium
1041 1295 1120 1335 pro
1159 1295 1289 1336 opera
1324 1295 1371 1323 ac

35 1339 192 1392 labore,
225 1338 339 1392 quod
365 1338 563 1393 cognitor
588 1338 753 1393 fuisset,
786 1339 900 1393 quod
925 1339 1171 1381 vadimonia
1197 1339 1371 1394 obisset,

58 1396 210 1453 ogasti,
240 1399 290 1438 ut
314 1396 478 1438 Fannio
505 1397 629 1438 daret
654 1395 726 1438 HS
756 1408 968 1440 00100100
1000 1398 1081 1439 hac
1112 1398 1372 1453 condicione,

63 1457 93 1510 t,
124 1456 160 1497 si
192 1455 293 1509 quid
324 1455 398 1496 ille
431 1455 644 1510 exegisset
676 1470 702 1496 a
731 1455 894 1509 Flavio,
926 1459 1094 1510 partem
1127 1457 1216 1498 eius
1250 1457 1372 1498 dimi-

63 1514 147 1556 iam
172 1513 329 1556 Roscio
360 1514 625 1556 dissolveret.
680 1512 850 1556 Satisne
881 1514 977 1569 ipsa
1007 1515 1281 1570 restipulatio
1315 1516 1372 1557 di-

61 1587 127 1614 ere
163 1573 245 1614 tibi
287 1572 455 1614 videtur
500 1575 646 1627 aperte
684 1572 889 1614 Roscium
931 1588 1010 1628 pro
1054 1588 1099 1615 se
1137 1574 1372 1616 decidisse?

77 1635 96 1673 t
135 1631 247 1673 enim
283 1631 469 1673 foisitan
506 1631 588 1673 hoc
623 1631 704 1672 tibi
734 1632 880 1673 veniat
910 1631 956 1673 in
987 1634 1192 1687 mentem,
1229 1647 1372 1688 repro·
1398 1646 1441 1676 39

15 1742 21 1746 ἡ
79 1689 200 1731 isisse
230 1689 443 1732 Fannium
474 1689 649 1744 Roscio,
687 1689 725 1730 si
762 1690 864 1745 quid
901 1705 926 1731 a
956 1689 1108 1732 Flavio
1147 1692 1373 1747 exegisset,

4 1744 25 1791 ἰ
61 1748 125 1795 ius
173 1751 341 1804 partem
393 1748 632 1802 dimidiam,
681 1748 755 1789 sed
799 1749 972 1791 omnino
1016 1749 1208 1805 exegisse
1226 1725 1373 1792 C³nihil.

6 1855 9 1858 Α
75 1807 146 1849 uid
170 1807 292 1848 tum?
336 1806 436 1849 Non
460 1807 622 1849 exitum
647 1807 894 1862 exactionis,
927 1807 1001 1849 sed
1029 1808 1201 1850 initium
1231 1824 1373 1863 repro-

84 1865 251 1908 ‘ssionis
273 1868 466 1921 spectare
487 1866 626 1907 debes.
670 1865 818 1920 Neque
840 1866 876 1907 si
901 1866 976 1908 ille
995 1865 1026 1920 †
1043 1867 1088 1908 in
1117 1881 1166 1908 eo
1199 1881 1374 1921 sequen-

6 1944 25 1974 2·
64 1939 147 1979 um,
171 1939 269 1979 non,
294 1925 406 1979 quod
430 1924 476 1965 in
502 1939 546 1979 se
571 1924 665 1975 fuit,
691 1925 895 1966 iudicavit
920 1925 1124 1966 Roscium
1151 1940 1262 1980 suas,
1287 1940 1375 1967 non

2 1987 25 2025 1-
62 1983 254 2025 ocietatis
275 1984 374 2024 lites
394 1982 636 2024 redemisse.
681 1982 787 2031 Quid
811 1983 847 2024 si
866 1983 1040 2025 tandem
1059 1984 1237 2038 planum
1262 1983 1373 2026 facio

1 2058 11 2082 1
69 2043 135 2084 ost
155 2042 411 2084 decisionem
430 2044 619 2084 veterem
638 2040 777 2095 Rosci,
797 2045 897 2096 post
916 2042 1293 2096 repromissionem
1313 2057 1374 2084 re-

0 2108 26 2157 ψ
63 2102 202 2141 entem
227 2101 337 2142 hanc
361 2100 499 2142 Fanni
523 2098 597 2141 HS
625 2111 816 2143 0001000
848 2099 1060 2142 Fannium
1093 2116 1128 2142 a.
1149 2100 1197 2149 Q.
1222 2100 1373 2143 Flavio

0 2164 36 2212 β
74 2159 225 2214 anurgi
243 2160 414 2201 nomine
438 2159 698 2201 abstulisse?
730 2161 876 2200 tamen
902 2159 1061 2200 diutius
1086 2159 1267 2201 illudere
1292 2159 1375 2202 viri

4 2213 26 2267 11
67 2217 191 2272 ptimi
222 2218 548 2272 existimationi,
581 2216 629 2266 Q.
653 2217 800 2271 Rosci,
832 2217 1035 2259 audebit?

125 2275 258 2318 Paulo
302 2279 401 2318 ante
446 2276 729 2331 quaerebam,
767 2276 810 2318 id
854 2276 968 2331 quod
1007 2277 1283 2319 vehementer
1320 2277 1373 2320 ad
1390 2258 1444 2339 14⁴ss
