1618 2584
458 233 547 268 LIB.
575 233 625 267 ΠΙ
670 233 771 268 CAP.
799 236 889 268 6—-8
915 237 934 275 ἕ
963 237 1110 268 14-21.
1343 235 1425 275 QYI

88 332 368 384 minutarum,
411 344 516 384 quas
556 332 654 370 ante
693 331 941 383 quaestores
979 329 1024 370 in
1063 327 1209 371 Sicilia
1246 331 1428 372 vendere

88 391 383 442 consuessent,
427 388 589 429 Romae
634 388 866 430 venderent
910 388 1133 442 legemque
1178 388 1245 429 his
1288 389 1428 442 rebus,

88 463 215 503 quam
259 448 366 502 ipsis
411 447 644 501 videretur,
689 447 888 488 dicerent.
951 446 1056 488 Cum
1098 447 1256 488 locatio
1294 448 1428 501 fieret,

86 506 306 562 publicani
343 506 638 561 postularunt,
676 506 880 559 quasdem
918 520 985 546 res
1020 508 1068 546 ut
1100 506 1152 547 ad
1185 506 1326 561 legem
1359 507 1428 547 ad-

51 578 66 602 5
88 565 236 606 derent
273 579 409 618 neque
448 568 593 606 tamen
632 579 656 605 a
693 564 845 605 ceteris
879 564 1082 605 censoriis
1114 564 1284 619 legibus
1316 580 1427 607 rece-

86 624 246 665 derent.
310 624 471 665 Contra
511 623 617 664 dixit
653 623 708 675 is,
754 623 826 676 qui
864 637 964 664 casu
1002 625 1094 664 tum
1133 623 1294 665 Romae
1331 623 1429 676 fuit,

85 685 184 724 tuus
228 682 405 738 hospes,
443 681 619 734 Verres,
662 681 838 735 hOSpQS,
882 682 1075 735 inquam,
1120 685 1162 723 et
1198 682 1427 724 familiaris

86 744 205 794 tuus,
254 739 455 781 Sthenius
499 740 569 781 hic
612 738 929 780 Thermitanus.
1001 739 1209 781 Consules
1256 756 1429 782 causam

87 801 345 853 cognorunt3
390 813 485 840 cum
529 798 645 839 viros
690 798 918 852 primarios
963 802 1092 852 atque
1137 800 1429 853 amplissimos

34 872 66 896 10
86 857 274 899 civitatis
311 858 472 899 multos
504 857 548 897 in
581 857 807 898 consilium
840 857 1140 911 advocassent,
1178 858 1228 899 de
1261 858 1430 900 consilii

87 916 300 958 sententia
331 916 668 970 pronuntiarunt
700 930 744 956 se
776 916 871 971 lege
903 915 1135 957 Hieronica
1168 917 1427 958 vendituros.

84 976 208 1016 Itane
254 975 384 1016 vero‘?
441 974 765 1029 prudentissimi
809 974 907 1026 viri,
959 989 1126 1016 summa
1170 976 1428 1017 auctoritate

85 1034 282 1089 praediti,
310 1033 464 1087 quibus
492 1036 665 1074 senatus
692 1034 837 1088 legum
866 1033 1138 1074 dicendarum
1165 1034 1210 1075 in
1235 1034 1428 1076 locandis

85 1092 373 1148 vectigalibus
396 1107 565 1134 omnem
588 1095 847 1146 potestatem
876 1092 1133 1147 permiserat
1158 1094 1429 1147 populusque

34 1165 66 1190 15
85 1152 280 1205 iusserat,
308 1150 449 1192 Siculo
470 1165 555 1192 uno
576 1153 800 1192 recusante
821 1165 916 1192 cum
937 1152 1272 1205 amplificatione
1299 1152 1430 1194 vecti-

87 1210 252 1266 galium
278 1225 434 1251 nomen
460 1209 715 1251 Hieronicae
748 1210 857 1264 legis
889 1212 1057 1251 mutare
1089 1211 1337 1264 noluerunt3
1370 1214 1430 1265 tu,

85 1269 215 1310 homo
266 1268 433 1310 minimi
481 1269 668 1322 consilii,
718 1268 879 1309 nullius
925 1268 1216 1322 auctoritatis,
1265 1269 1431 1310 iniussu

87 1327 238 1382 populi
270 1342 318 1369 ac
351 1329 524 1368 senatus
557 1329 653 1368 tota
678 1325 823 1368 Sicilia
854 1330 1079 1368 recusante
1112 1343 1209 1369 cum
1241 1329 1429 1369 maximo

85 1386 342 1427 detrimento
383 1389 511 1440 atque
548 1386 651 1427 adeo
686 1386 815 1427 exitio
848 1386 1127 1442 vectigalium
1159 1389 1298 1428 totam
1330 1387 1430 1428 Hie-

32 1457 66 1482 20
85 1445 276 1486 ronicam
314 1445 456 1500 legem
495 1444 738 1486 sustulisti?
801 1444 861 1485 At
900 1460 1029 1499 quam
1064 1445 1205 1500 legem
1237 1446 1430 1501 corrigit,

83 1503 261 1557 iudices,
300 1506 429 1557 atque
462 1504 565 1544 adeo
598 1506 736 1544 totam
768 1503 905 1544 tollit!
967 1504 1231 1545 Acutissime
1264 1507 1307 1545 et
1339 1505 1431 1546 dili-

86 1562 337 1617 gentissime
366 1562 588 1617 scriptam,
622 1576 730 1616 quae
762 1562 829 1602 lex
864 1562 1062 1603 omnibus
1095 1562 1300 1604 custodiis
1334 1564 1430 1604 sub-

84 1622 242 1662 iectum
264 1623 478 1662 aratorem
500 1621 732 1662 decumano
753 1620 942 1674 tradidit,
968 1624 1017 1662 ut
1038 1635 1175 1675 neque
1202 1622 1247 1662 in
1274 1622 1430 1677 segeti-

85 1680 164 1721 bus
182 1694 319 1734 neque
336 1680 381 1720 in
399 1679 508 1721 areis
525 1694 662 1733 neque
682 1679 727 1720 in
746 1679 912 1720 horreis
935 1681 1104 1734 [neque]
1127 1680 1171 1720 in
1193 1681 1429 1722 amovendo

33 1752 65 1776 25
85 1753 222 1792 neque
242 1739 287 1779 in
309 1738 570 1793 asportando
592 1738 809 1779 frumento
838 1751 972 1793 grano
999 1753 1082 1779 uno
1109 1741 1257 1792 posset
1284 1741 1431 1781 arator

87 1798 176 1839 sine
204 1797 392 1839 maxima
418 1812 556 1852 poena
580 1797 781 1838 fraudare
808 1797 1100 1838 decumanum.
1158 1795 1329 1852 Scripta
1361 1798 1430 1838 lex

84 1856 146 1897 ita
173 1856 402 1911 diligenter
429 1859 506 1909 est,
537 1858 586 1897 ut
613 1870 708 1897 eum
736 1855 958 1910 scripsisse
985 1858 1205 1910 appareat,
1238 1856 1311 1910 qui
1344 1856 1430 1898 alia

84 1915 316 1969 vectigalia
340 1929 428 1956 non
453 1915 650 1968 haberet,
682 1915 745 1956 ita
777 1917 917 1969 acute,
949 1917 998 1955 ut
1030 1913 1239 1969 Siculum,
1270 1915 1333 1956 ita
1365 1930 1429 1956 se›

84 1988 200 2027 vere,
234 1976 282 2015 ut
314 1976 565 2028 tyrannum,
598 1988 680 2028 qua
713 1974 809 2029 lege
842 1972 996 2014 Siculis
1028 1976 1176 2015 tamen
1208 1988 1330 2015 arare
1364 1988 1430 2015 ex-

33 2045 66 2070 30
85 2032 269 2087 pediret3
300 2047 401 2074 nam
427 2032 490 2074 ita
517 2032 746 2088 diligenter
778 2032 1016 2074 constituta
1048 2035 1148 2074 sunt
1179 2032 1273 2073 iura
1306 2032 1428 2074 decu-

85 2105 230 2144 mano,
267 2094 316 2132 ut
353 2094 500 2132 tamen
538 2092 592 2133 ab
631 2091 767 2132 invito
801 2094 972 2132 aratore
1003 2091 1101 2146 plus
1135 2091 1311 2132 decuma
1342 2106 1430 2132 non

85 2152 231 2204 posset
264 2150 433 2192 auferri.

173 2208 280 2251 Cum
318 2209 423 2250 haec
463 2211 606 2250 essent
636 2208 699 2250 ita
731 2209 986 2262 constituta,
1017 2208 1174 2250 Verres
1207 2210 1274 2249 tot
1307 2208 1427 2249 annis

86 2270 213 2322 atque
252 2267 356 2309 adeo
397 2267 580 2309 saeculis
618 2269 686 2308 tot
722 2267 923 2309 inventus
963 2269 1045 2320 est,
1090 2267 1163 2321 qui
1200 2266 1304 2308 haec
1342 2281 1429 2308 non

34 2336 66 2362 35
86 2329 387 2380 commutaret,
433 2326 505 2368 sed
550 2328 762 2367 everteret
801 2340 951 2380 eaque,
997 2340 1103 2380 quae
1140 2326 1227 2366 iam
1267 2325 1337 2366 diu
1375 2325 1429 2367 ad

86 2385 270 2427 salutem
314 2385 527 2427 sociorum
565 2385 886 2438 utilitatemque
924 2384 986 2425 rei
1024 2384 1221 2438 publicae
1260 2398 1428 2438 compo-

87 2443 169 2485 sita
190 2446 522 2499 comparataque
550 2446 703 2498 essent,
731 2444 783 2485 ad
810 2457 910 2485 suos
935 2443 1282 2498 improbissimos
1304 2457 1429 2497 quae-

1456 951 1480 991 8

1457 1003 1499 1033 19

1457 1454 1499 1485 20

1455 2209 1497 2240 21
