1618 2584
432 223 521 257 LIB.
549 223 579 257 V
638 223 739 258 CAP.
769 229 799 268 1,
826 228 846 258 2
874 227 892 266 g
921 229 1020 259 1—5.
1314 225 1400 265 429

65 318 177 361 Novi
215 319 373 373 locum3
412 319 552 373 video,
590 319 664 361 ubi
696 334 741 361 se
771 320 1008 361 iactaturus
1041 319 1098 361 sit
1129 319 1400 361 Hortensius.

64 377 177 419 Belli
225 377 433 432 pericula,
482 381 678 433 tempora
721 378 783 419 rei
826 379 1040 433 publicae,
1090 378 1400 433 imperatorum

64 436 286 491 penuriam
325 436 695 490 commemorabit3
736 439 829 478 tum
867 437 1165 492 deprecabitur
1203 452 1227 478 a
1265 438 1401 491 vobis,

64 498 157 536 tum
183 495 314 536 etiam
340 510 417 550 pro
446 509 523 537 suo
548 495 639 537 iure
665 496 903 549 contendet,
935 511 988 538 ne
1013 495 1243 550 patiamini
1268 496 1402 537 talem

30 553 367 619 simperatorem
412 553 571 609 populo
615 553 811 596 Romano
857 529 1097 597 Siculorum
1141 555 1401 596 testimoniis

65 612 184 666 eripi,
215 627 267 654 ne
295 612 434 654 obteri
465 612 636 654 laudem
667 612 991 667 imperatoriam
1024 611 1272 655 criminibus
1306 628 1402 655 ava-

64 671 190 712 ritiae
216 671 373 712 velitis.
416 669 515 712 Non
541 685 718 726 possum
745 672 1028 726 dissimulare,
1053 672 1231 726 iudices3
1257 672 1402 725 timeo,
1428 681 1447 710 3

63 744 115 771 ne
149 728 193 770 C.
218 729 374 771 Verres
418 732 596 784 propter
638 730 748 772 hanc
793 731 992 772 eximiam
1031 731 1238 772 virtutem
1275 731 1320 772 in
1357 746 1402 773 re

64 788 244 829 militari
270 788 424 842 omnia,
452 803 560 842 quae
584 788 698 842 fecit,
728 789 902 844 impune
927 789 1088 831 fecerit.
1131 789 1263 831 Venit
1290 790 1402 831 enim

30 846 171 888 omihi
208 846 254 887 in
285 850 492 901 mentem,
528 847 574 888 in
604 847 759 889 iudicio
792 848 859 889 M'.
886 848 1035 902 Aquili
1068 851 1276 902 quantum
1310 863 1402 891 auc-

63 905 269 960 toritatis,
301 908 510 960 quantum
536 906 744 948 momenti
769 907 908 948 oratio
936 908 991 948 M.
1006 907 1171 949 Antoni
1199 907 1402 949 habuisse

64 964 311 1006 existimata
355 964 430 1018 sit3
477 964 566 1019 qui,
609 967 657 1006 ut
701 968 794 1007 erat
837 965 881 1006 in
925 965 1100 1008 dicendo
1138 980 1224 1007 non
1262 967 1403 1008 solum

64 1024 254 1078 sapiens,
292 1023 366 1064 sed
404 1023 534 1065 etiam
570 1022 715 1078 fortis,
753 1038 882 1066 causa
914 1039 1046 1080 prope
1078 1027 1281 1079 perorata
1311 1025 1403 1080 ipsc

64 1082 248 1136 arripuit
302 1081 371 1123 M’.
424 1082 649 1137 Aquilium
707 1083 1017 1138 constituitque
1072 1084 1118 1125 in
1173 1087 1404 1138 conspectu

30 1152 46 1179 5
65 1141 256 1182 omnium
289 1140 564 1195 tunicamque
597 1141 686 1183 eius
719 1157 744 1183 a
775 1145 948 1196 pectore
981 1142 1182 1196 abscidit,
1219 1145 1268 1195 ut
1300 1142 1403 1184 cica-

63 1199 191 1241 trices
217 1200 403 1254 populus
430 1199 650 1241 Romanus
676 1201 920 1255 iudicesque
952 1201 1192 1255 aspicerent
1224 1201 1403 1243 adverso

64 1272 242 1313 corpore
275 1261 491 1313 exceptas;
531 1259 659 1300 simul
691 1262 734 1301 et
766 1260 816 1301 de
847 1260 924 1300 illo
957 1260 1149 1314 vulnere,
1186 1260 1299 1314 quod
1330 1260 1404 1301 ille

63 1317 107 1358 in
157 1317 297 1372 capite
342 1317 396 1358 ab
441 1317 632 1359 hostium
677 1318 780 1359 duce
824 1321 1064 1373 acceperat,
1114 1319 1253 1360 multa
1298 1318 1404 1360 dixit

64 1390 198 1431 eoque
237 1375 413 1417 adduxit
451 1390 542 1430 eos,
580 1376 653 1431 qui
691 1379 814 1418 erant
847 1377 1092 1431 iudicaturi,
1129 1377 1404 1418 vehementer

30 1437 113 1476 out
149 1437 416 1489 vererentur,
457 1449 529 1489 ne,
571 1450 697 1490 quem
734 1436 873 1477 virum
910 1435 1085 1478 fortuna
1124 1450 1174 1477 ex
1211 1436 1403 1478 hostium

64 1493 164 1535 telis
210 1493 454 1548 eripuisset,
499 1508 594 1535 cum
640 1494 722 1536 sibi
762 1495 853 1549 ipse
887 1509 975 1536 non
1012 1495 1291 1550 pepercisset,
1335 1495 1404 1537 hic

63 1567 150 1594 non
188 1551 242 1593 ad
279 1552 429 1607 populi
461 1552 646 1594 Romani
677 1553 866 1607 laudem,
905 1553 977 1595 sed
1010 1554 1064 1595 ad
1094 1554 1282 1595 iudicum
1314 1569 1404 1596 cru-

65 1611 288 1652 delitatem
330 1611 548 1652 videretur
592 1626 683 1653 esse
722 1615 928 1653 servatus.
997 1612 1161 1654 Eadem
1198 1627 1310 1655 nunc
1349 1613 1402 1654 ab
1429 1619 1450 1649 4

63 1670 152 1711 illis
184 1669 442 1711 defensionis
475 1669 586 1712 ratio
618 1670 771 1725 viaque
802 1674 1060 1726 temptatur,
1090 1671 1204 1712 idem
1237 1672 1404 1726 quaeri-

31 1731 147 1770 5tur.
204 1726 269 1769 Sit
305 1728 392 1782 fur,
432 1728 489 1770 sit
527 1729 780 1785 sacrilegus,
819 1730 876 1771 sit
913 1730 1179 1786 flagitiorum
1212 1731 1403 1772 omnium

63 1787 351 1841 vitiorumque
377 1787 593 1842 princeps3
625 1790 670 1829 at
696 1792 762 1830 est
787 1788 924 1830 bonus
950 1789 1199 1844 imperator,
1231 1792 1277 1831 at
1301 1789 1404 1830 felix

65 1848 109 1888 et
147 1846 200 1887 ad
238 1845 367 1887 dubia
401 1846 463 1887 rei
493 1846 689 1901 publicae
721 1850 918 1901 tempora
949 1848 1243 1889 reservandus.
1305 1847 1405 1890 Non
1431 1852 1458 1892 2

67 1919 194 1960 agam
221 1919 388 1946 summo
414 1905 505 1946 iure
531 1908 685 1960 tecum,
716 1921 803 1947 non
829 1906 967 1948 dicam
993 1907 1048 1961 id,
1081 1907 1194 1961 quod
1227 1907 1405 1949 debeam

64 1963 249 2005 forsitan
286 1963 498 2016 obtinere,
539 1979 635 2006 cum
672 1965 875 2007 iudicium
914 1968 1031 2007 certa
1068 1966 1164 2022 lege
1202 1966 1277 2020 sit,
1319 1981 1405 2008 non

31 2033 48 2059 ο
67 2022 168 2077 quid
187 2022 231 2063 in
250 2036 296 2064 re
315 2022 497 2064 militari
515 2022 687 2065 fortiter
706 2023 870 2076 feceris,
898 2024 971 2065 sed
998 2039 1125 2079 quem
1152 2025 1205 2066 ad
1231 2025 1404 2067 modum

66 2095 218 2122 manus
256 2081 310 2122 ab
350 2081 500 2123 alienis
538 2082 729 2136 pecuniis
762 2082 1041 2137 abstinueris,
1080 2084 1156 2124 abs
1189 2086 1231 2125 te
1265 2083 1405 2126 doceri

67 2142 281 2195 oportere3
324 2154 429 2194 non,
465 2140 658 2194 inquam,
697 2141 757 2183 sic
795 2156 940 2197 agam,
979 2142 1054 2183 sed
1090 2142 1152 2183 ita
1192 2157 1405 2197 quaeram,

67 2213 193 2253 quem
231 2198 285 2240 ad
323 2199 496 2240 modum
534 2202 576 2240 te
614 2199 726 2241 velle
762 2200 989 2256 intellego,
1028 2215 1135 2255 quae
1170 2203 1246 2243 tua
1279 2217 1407 2256 opera

67 2259 110 2299 et
142 2259 304 2312 quanta
333 2257 465 2299 fuerit
496 2257 541 2299 in
572 2258 700 2300 bello.

155 2315 265 2365 Quid
297 2316 430 2358 dicis?
472 2331 527 2358 an
558 2317 673 2359 bello
704 2317 988 2373 fugitivorum
1021 2317 1213 2360 Siciliam
1245 2320 1405 2361 virtute
1432 2328 1451 2358 5

67 2376 142 2416 tua
181 2374 439 2417 liberatam?
501 2375 661 2430 Magna
696 2377 790 2418 laus
829 2379 871 2419 et
909 2377 1092 2419 honesta
1131 2378 1288 2432 orati03
1334 2378 1408 2420 sed

67 2435 212 2474 tamen
238 2448 321 2488 quo
350 2434 493 2476 bello?
543 2433 634 2477 Nos
668 2435 780 2477 enim
812 2438 913 2491 post
944 2435 1051 2477 illud
1084 2437 1259 2487 bellum,
1294 2438 1405 2492 quod

33 2325 49 2352 Οἱ
