1675 2574
511 76 611 113 CAP.
634 81 768 113 15—17
796 81 815 120 ς,
839 82 988 114 50-56.
1360 81 1411 121 17

80 168 187 212 duae
228 170 418 224 fuerunt3
462 170 684 219 Quinctius
729 172 782 214 ad
825 173 1115 215 vadimonium
1156 188 1241 216 non
1283 176 1412 217 venit.

79 227 190 277 Quid
226 228 354 284 ago?
399 227 444 270 Si
481 230 721 272 mehercule
757 230 862 273 haec
898 234 1038 274 tecum
1077 231 1159 274 duo
1191 233 1323 274 verba
1354 234 1410 275 fe-

78 287 225 329 cisses:
271 285 395 335 ‘Quid
436 288 579 343 ago?',
616 289 872 344 respirasset
912 290 1122 345 cupiditas
1155 293 1283 345 atque
1316 306 1413 333 ava·

78 345 196 399 ritia,
227 346 404 400 paulum
432 346 592 400 aliquid
622 347 705 389 loci
736 348 893 389 rationi
927 351 969 390 ct
1000 348 1178 390 consilio
1212 349 1400 392 dedisses

43 404 126 445 stu
161 405 204 444 te
242 404 509 460 collegisses,
546 420 631 446 non
669 406 710 446 in
745 421 837 447 eam
869 407 1174 462 turpitudinem
1209 408 1412 462 venisses,

76 463 125 503 ut
161 461 241 503 hoc
278 462 358 503 tibi
397 466 509 504 esset
547 464 658 517 apud
695 465 804 505 tales
837 465 952 507 viros
984 465 1289 520 confitendum,
1328 481 1410 521 qua

75 519 157 561 tibi
182 520 473 562 vadimonium
503 536 590 562 non
623 522 679 562 sit
711 523 894 577 obitum,
927 524 1073 565 eadem
1104 527 1146 566 te
1178 524 1285 566 hora
1317 539 1411 567 con-

76 578 220 619 silium
268 580 430 634 cepisse
476 579 663 620 hominis
707 581 937 635 propinqui
981 582 1176 624 fortunas
1219 582 1410 624 funditus

77 639 277 678 evertere.

1401 384 1412 404 7

42 707 59 733 ο
163 694 259 751 Ego
296 710 375 750 pro
413 698 456 737 te
493 710 606 738 nunc
642 696 721 737 hos
754 698 929 739 consulo
961 702 1061 753 post
1092 702 1262 755 tempus
1295 703 1337 742 et
1368 700 1411 741 in
1430 681 1480 764 15}

77 753 217 795 aliena
253 768 316 808 re,
355 754 558 808 quoniam
595 756 644 795 tu
680 755 725 795 in
761 758 837 796 tua
874 771 936 810 re,
974 771 1069 799 cum
1104 760 1274 813 tempus
1308 761 1412 813 erat,

77 812 296 854 consulere
341 813 502 854 oblitus
547 827 609 867 es3
654 827 810 866 quaero
856 814 932 855 abs
971 817 1031 866 te,
1077 815 1121 858 C.
1155 816 1324 871 Aquili,
1366 816 1410 858 L.

75 870 224 925 Lucili,
250 870 294 912 P.
309 869 525 924 Quinctili,
550 870 606 912 M.
620 871 838 913 Marcelle:
865 871 1170 915 Vadimonium
1194 875 1299 916 mihi
1325 889 1410 917 non

77 929 185 971 obiit
212 929 384 984 quidam
417 930 554 972 socius
588 932 630 971 et
662 929 802 971 affinis
835 946 970 985 meus,
1003 933 1173 986 quicum
1205 934 1310 975 mihi
1342 948 1411 975 ne-

41 998 57 1025 5
77 988 289 1030 cessitudo
328 991 468 1042 vetus,
506 989 797 1030 controversia
832 989 882 1030 de
912 1004 957 1031 re
990 992 1233 1045 pecuniaria
1266 1007 1411 1034 recens

74 1046 318 1100 intercedit3
357 1047 586 1102 postulone
624 1062 648 1088 a
684 1049 900 1102 praetore,
941 1051 990 1089 ut
1028 1049 1116 1090 eius
1154 1050 1268 1092 bona
1305 1050 1410 1092 mihi

73 1105 291 1160 possidere
329 1105 473 1159 liceat,
514 1120 586 1159 an,
624 1121 719 1147 eum
757 1106 919 1148 Romae
960 1107 1109 1149 domus
1149 1108 1256 1162 eius,
1294 1123 1412 1162 uxor,

73 1163 199 1205 liberi
226 1163 324 1217 sint,
357 1163 530 1205 domum
554 1165 699 1219 potius
727 1164 1002 1207 denuntiem?
1053 1165 1163 1215 Quid
1189 1169 1267 1220 est,
1299 1167 1412 1221 quod

73 1222 154 1263 hac
191 1222 364 1263 tandem
403 1222 453 1263 de
491 1237 536 1263 re
573 1223 696 1264 vobis
732 1223 872 1278 possit
906 1224 1070 1266 videri?
1126 1224 1344 1279 Profecto,
1376 1226 1410 1267 si

74 1283 187 1322 recte
230 1283 420 1322 vestram
461 1281 700 1322 bonitatem
739 1284 866 1336 atque
904 1283 1178 1337 prudentiam
1216 1284 1412 1340 cognovi,

72 1353 158 1381 non
197 1340 379 1381 multum
412 1354 479 1380 me
510 1339 645 1393 fallit,
683 1340 719 1381 si
751 1341 1050 1395 consulamini,
1090 1342 1189 1396 quid
1223 1342 1317 1384 sitis
1350 1357 1410 1385 re-

74 1397 291 1452 sponsuri:
335 1398 521 1452 primum
560 1401 823 1453 exspectare,
868 1399 1034 1453 deinde,
1076 1400 1113 1441 si
1150 1401 1325 1443 latitare
1363 1416 1411 1444 ac

74 1456 233 1498 diutius
259 1456 477 1498 ludificare
503 1456 711 1511 videatur,
742 1457 901 1499 amicos
928 1458 1164 1509 convenire,
1196 1474 1411 1514 quaerere,

74 1514 167 1570 quis
187 1518 441 1570 procurator
461 1515 529 1569 sit,
550 1515 723 1556 domum
744 1515 1004 1557 denuntiare.
1048 1516 1145 1558 Dici
1164 1517 1235 1558 vix
1254 1521 1411 1573 potest,

75 1587 202 1627 quam
241 1574 379 1614 multa
417 1573 520 1626 sint,
559 1588 666 1627 quae
703 1575 996 1628 respondeatis
1033 1578 1133 1616 ante
1164 1576 1256 1617 fieri
1289 1591 1411 1631 opor-

72 1633 180 1685 tere,
226 1646 354 1685 quam
397 1632 450 1673 ad
494 1632 603 1673 hanc
644 1632 854 1673 rationem
896 1636 1129 1674 extremam
1170 1635 1411 1676 necessario

72 1689 281 1731 devenire.
320 1688 430 1738 Quid
450 1690 503 1731 ad
522 1690 627 1732 haec
641 1689 860 1732 Naevius?
886 1691 1014 1733 Ridet
1035 1692 1197 1733 scilicet
1216 1696 1411 1735 nostram

73 1749 317 1799 amentiam,
344 1749 416 1802 qui
441 1748 486 1789 in
511 1749 603 1790 vita
628 1763 705 1790 sua
730 1749 941 1791 rationem
968 1750 1123 1792 summi
1151 1750 1282 1792 officii
1307 1752 1412 1793 desi-

74 1806 268 1848 deremus
311 1809 354 1848 et
396 1807 599 1848 instituta
642 1807 833 1849 virorum
875 1808 1087 1850 bonorum
1131 1810 1412 1863 requiramus.

74 1864 203 1914 ‘Quid
242 1865 382 1916 mihi',
418 1866 575 1920 inquit,
615 1865 731 1907 ‘cum
768 1867 854 1908 ista
893 1868 1094 1920 [summa]
1129 1869 1413 1911 sanctimonia

74 1939 122 1966 ac
154 1924 407 1980 diligentia?
454 1924 667 1978 viderint',
698 1925 848 1979 inquit,
880 1925 981 1967 ‘ista
1013 1926 1154 1968 officia
1185 1927 1265 1968 viri
1298 1927 1411 1982 boni,

74 1982 123 2024 de
154 1998 222 2024 me
255 1985 399 2024 autem
431 1984 493 2024 ita
524 1983 810 2025 considerent:
846 1999 933 2026 non
966 1985 1067 2039 quid
1098 1985 1301 2040 habeam,
1339 1986 1413 2027 sed

73 2041 228 2096 quibus
254 2042 381 2083 rebus
407 2041 657 2095 invenerim,
685 2045 905 2096 quaerant,
938 2045 980 2084 et
1007 2058 1132 2097 quem
1159 2043 1212 2084 ad
1238 2044 1412 2096 modum

71 2102 198 2142 natus
214 2102 257 2142 et
272 2115 354 2155 quo
370 2103 496 2155 pacto
518 2100 719 2142 educatus
742 2101 832 2142 sim.
859 2101 1055 2156 Memini3
1075 2104 1198 2144 vetus
1219 2104 1297 2156 est,
1318 2102 1426 2145 “de‘

74 2172 250 2201 scurra
275 2159 435 2201 multo
462 2159 671 2218 facilius
700 2159 910 2201 divitem
938 2175 1084 2215 quam
1109 2163 1306 2215 patrem
1338 2161 1412 2203 fa-

73 2217 244 2259 milias
269 2217 389 2259 fieri
414 2216 629 2273 posse”.'
678 2217 796 2260 Haec
822 2219 907 2272 ille,
932 2219 969 2260 si
994 2220 1136 2262 verbis
1160 2234 1248 2261 non
1274 2220 1412 2275 audet,

73 2289 119 2317 re
139 2276 309 2331 quidem
329 2291 430 2318 vera
449 2277 593 2332 palam
613 2277 816 2331 loquitur.
858 2277 1030 2320 Etenim
1053 2278 1089 2321 si
1109 2278 1204 2320 vult
1222 2278 1412 2321 virorum

143 2350 214 2376 010.
233 2352 275 2378 11.
297 2353 319 2377 1.
1103 2351 1124 2381 2

1438 1709 1480 1740 55

1438 2234 1482 2267 56
