1675 2574
526 122 628 158 CAP.
656 127 746 158 3—-5
773 126 793 165 ξ
820 125 968 158 11—18.
1395 122 1422 163 5

85 231 211 273 saepe
255 220 478 272 suspectus
521 217 718 266 Quinctio
756 216 944 260 Naevius
987 216 1141 259 fuisset
1183 232 1319 272 neque
1363 219 1426 259 ita

84 275 304 319 commode
330 279 479 331 posset
504 277 717 319 rationem
748 277 922 318 reddere
954 291 1101 318 earum
1133 290 1287 330 rerum,
1320 291 1426 331 quas

83 334 272 389 libidine,
296 349 383 376 non
409 335 576 377 ratione
603 338 808 391 gesserat,
834 335 1016 377 moritur
1039 335 1084 376 in
1105 333 1247 376 Gallia
1272 333 1427 383 Quinc-

82 393 187 444 tius,
237 407 333 434 cum
389 393 559 435 adesset
607 394 815 447 Naevius,
865 396 908 436 et
963 393 1146 436 moritur
1188 394 1425 448 repentino.

48 451 296 494 5Heredem
333 454 594 494 testamento
631 453 808 507 reliquit
844 453 957 495 huno
987 452 1033 495 P.
1066 451 1329 506 Quinctium,
1367 455 1426 503 ut,

83 509 136 553 ad
178 524 304 564 quem
350 524 542 552 summus
586 525 755 552 maeror
799 514 937 552 morte
981 526 1058 553 sua
1105 511 1322 565 veniebat,
1374 511 1424 552 ad

82 568 262 611 eundem
283 583 474 610 summus
493 569 632 610 honos
653 584 821 623 quoque
840 570 1094 624 perveniret.
1129 569 1221 619 Quo
1242 572 1425 615 mortuo,

81 641 158 669 nec
188 626 252 668 ita
277 627 414 669 multo
441 630 551 682 post,
582 627 627 668 in
663 626 851 668 Galliam
881 628 1166 682 proficiscitur
1192 626 1427 681 Quinctius,

80 685 142 728 ibi
173 700 270 728 cum
300 685 386 727 isto
420 685 622 738 [Naevio]
654 685 929 727 familiariter
961 687 1078 728 vivit.
1134 687 1308 728 Annum
1338 686 1427 728 fere

31 757 64 783 ιο
82 759 167 786 una
187 746 300 798 sunt,
326 759 422 786 cum
446 747 489 786 et
516 745 565 785 de
593 745 798 786 societate
824 745 963 787 multa
987 746 1100 787 inter
1126 760 1170 787 se
1197 745 1428 788 communi-

82 805 230 846 carent
274 805 317 844 et
361 803 411 844 de
454 806 549 844 tota
592 803 668 844 illa
711 803 877 844 ratione
922 806 1050 858 atque
1094 819 1139 845 re
1185 804 1428 857 Gallicana3

80 875 218 917 neque
254 861 420 904 interea
460 862 639 904 verbum
670 862 808 903 ullum
840 862 1101 917 interposuit
1131 862 1321 904 Naevius
1354 865 1428 905 aut

82 920 333 962 societatem
349 920 431 962 sibi
446 920 666 975 quidpiam
681 920 846 974 debere,
867 923 942 962 aut
962 921 1165 975 privatim
1181 920 1428 970 Quinctium

83 979 292 1021 debuisse.
343 978 450 1021 Cum
476 979 587 1021 aeris
614 979 743 1021 alieni
770 979 1040 1033 aliquantum
1071 983 1186 1021 esset
1216 980 1427 1034 relictum,

46 1038 237 1093 squibus
273 1037 520 1080 nominibus
557 1038 783 1093 pecuniam
821 1037 984 1079 Romae
1026 1038 1166 1080 curari
1198 1041 1430 1093 oporteret,

82 1096 324 1139 auctionem
354 1096 400 1138 in
426 1095 570 1138 Gallia
600 1096 646 1138 P.
667 1097 737 1138 hic
757 1095 980 1145 Quinctius
1005 1096 1209 1138 Narbone
1230 1111 1274 1138 se
1293 1097 1428 1139 factu-

80 1170 175 1197 rum
214 1169 306 1197 esse
343 1155 576 1210 proscribit
613 1170 758 1197 earum
796 1169 956 1209 rerum,
1001 1170 1108 1210 quae
1139 1155 1275 1210 ipsius
1307 1158 1430 1197 erant

81 1214 286 1270 privatae.
338 1213 406 1255 Ibi
437 1217 530 1256 tum
562 1214 628 1256 vir
661 1214 848 1269 optimus
876 1213 968 1255 Sex,
993 1213 1183 1256 Naevius
1209 1214 1426 1255 hominem

82 1273 230 1314 multis
269 1273 411 1314 verbis
451 1273 655 1327 deterret,
692 1287 745 1314 ne
784 1273 1071 1326 auctionetur3
1110 1287 1206 1314 eum
1242 1287 1331 1315 non
1367 1273 1431 1315 ita

83 1331 304 1374 commode
318 1346 445 1386 posse
461 1346 508 1373 eo
532 1334 738 1386 tempore,
762 1346 844 1386 quo
865 1331 1204 1386 proscripsisset,
1230 1331 1430 1386 vendere3

83 1390 247 1432 Romae
279 1390 363 1431 sibi
392 1405 667 1432 nummorum
698 1390 951 1432 facultatem
984 1405 1088 1443 esse,
1121 1405 1261 1445 quam,
1298 1391 1334 1432 si
1367 1405 1430 1432 sa-

82 1451 218 1504 peret,
250 1463 519 1491 communem
553 1449 819 1490 existimaret
850 1463 928 1503 pro
960 1449 1153 1490 fraterna
1183 1449 1261 1490 illa
1288 1463 1430 1491 neces-

83 1507 270 1549 situdine
296 1510 339 1548 et
369 1522 448 1562 pro
480 1507 616 1562 ipsius
650 1507 878 1561 affinitate3
915 1522 1016 1548 nam
1047 1507 1094 1548 P.
1127 1507 1298 1556 Quincti
1331 1522 1430 1549 con-

84 1566 304 1608 sobrinam
329 1565 462 1608 habet
480 1566 526 1607 in
547 1567 823 1608 matrimonio
843 1565 1032 1608 Naevius
1054 1568 1096 1607 et
1117 1581 1167 1607 ex
1188 1581 1238 1608 ea
1256 1565 1430 1608 liberos.

47 1635 64 1662 5
83 1623 203 1677 Quia,
231 1625 344 1679 quod
376 1624 516 1666 virum
542 1625 701 1666 bonum
727 1625 866 1666 facere
894 1625 1133 1679 oportebat,
1159 1624 1203 1665 id
1228 1624 1430 1679 loqueba-

81 1686 152 1724 tur
189 1682 396 1737 Naevius,
434 1683 613 1725 credidit
654 1682 876 1732 Quinctius
921 1698 1034 1737 eum,
1079 1683 1152 1738 qui
1190 1683 1430 1725 orationem

81 1741 293 1784 bonorum
323 1742 581 1795 imitaretur,
612 1742 728 1784 facta
754 1756 922 1796 quoque
947 1742 1238 1796 imitaturum3
1271 1741 1430 1783 auctio-

81 1815 179 1842 nem
205 1801 314 1842 velle
340 1800 480 1843 facere
506 1801 689 1855 desistit,
719 1800 904 1842 Romam
929 1800 1234 1856 proficiscitur3
1260 1800 1430 1842 vdecedit

82 1874 132 1901 ex
177 1858 321 1901 Gallia
363 1859 549 1902 Romam
599 1860 727 1901 simul
769 1859 973 1902 Naevius.
1037 1858 1155 1903 ‚Cum
1204 1859 1428 1914 pecuniam

49 1930 66 1956 ο
85 1917 129 1960 C.
162 1917 386 1967 Quinctius
417 1917 464 1960 P.
497 1917 705 1973 Scapulae
738 1918 968 1973 debuisset,
999 1933 1076 1973 per
1107 1920 1163 1972 te,
1195 1917 1239 1960 O.
1267 1917 1430 1972 Aquili,

83 1977 237 2020 decidit
285 1977 332 2019 P.
376 1976 618 2030 Quinctius,
667 1977 769 2032 quid
817 1977 964 2019 liberis
1015 1976 1104 2018 eius
1163 1976 1430 2018 dissolveret.

81 2037 174 2079 Hoc
207 2051 256 2078 eo
287 2051 364 2092 per
395 2039 437 2077 te
467 2036 688 2091 agebatur,
721 2036 833 2090 quod
859 2038 1035 2091 propter
1063 2034 1274 2076 aerariam
1299 2034 1430 2075 ratio-

81 2110 179 2138 nem
215 2109 304 2137 non
340 2095 448 2137 satis
494 2097 588 2136 erat
630 2094 675 2136 in
714 2094 877 2136 tabulis
921 2094 1176 2149 inspexisse,
1221 2095 1430 2148 quantum

83 2155 320 2208 deberetur,
351 2153 435 2195 nisi
456 2153 510 2195 ad
529 2152 724 2195 Castoris
742 2153 995 2207 quaesisses,
1019 2155 1228 2207 quantum
1248 2153 1431 2194 solvere-

82 2215 165 2255 tur.
203 2213 376 2255 Decidis
400 2213 642 2267 statuisque
662 2215 710 2253 tu
729 2214 907 2267 propter
929 2211 1300 2265 necessitudinem,
1321 2225 1429 2265 quae

83 2272 163 2314 tibi
189 2287 285 2314 cum
311 2270 506 2327 Scapulis
534 2274 612 2326 est,
644 2271 744 2325 quid
770 2271 822 2312 iis
850 2270 904 2312 ad
930 2270 1150 2312 denarium
1178 2270 1428 2312 solveretur.

169 2331 288 2374 Haec
325 2331 469 2373 omnia
501 2328 724 2380 Quinctius
764 2330 922 2385 agebat
960 2331 1133 2372 auctore
1172 2331 1213 2370 et
1254 2342 1428 2371 consua-

1455 583 1496 614 15

1458 1872 1499 1903 17

1456 2363 1499 2395 18
