1618 2584
124 1828 179 1890 15

186 220 273 260 442
588 219 638 253 IN
665 219 702 254 C.
724 218 927 253 VERREM
953 218 1059 254 ACT.
1086 219 1130 254 ΙΙ.

188 316 426 370 provincia,
464 318 512 356 ut
551 315 741 356 omnium
780 315 926 356 oculos
964 314 1009 354 in
1047 327 1114 354 me
1151 327 1284 356 unum
1317 314 1530 356 coniectos

190 389 282 417 esse
308 375 555 427 arbitrarer,
586 377 635 415 ut
667 388 734 414 me
767 376 1128 427 quaesturamque
1161 387 1300 414 meam
1334 373 1456 426 quasi
1488 373 1531 413 in

191 434 335 488 aliquo
362 436 576 474 terrarum
603 433 721 474 orbis
748 432 919 473 theatro
953 431 1116 473 versari
1148 431 1452 485 existimarem,
1484 435 1532 472 ut

192 507 359 547 semper
401 492 560 545 omnia,
606 506 714 545 quae
751 491 935 533 iucunda
972 490 1171 531 videntur
1209 504 1319 544 esse,
1360 505 1410 531 ea
1446 505 1532 531 non

191 551 317 593 modo
344 551 410 591 his
444 550 794 591 extraordinariis
827 549 1148 605 cupiditatibus,
1181 549 1254 590 sed
1286 548 1416 590 etiam
1448 549 1533 603 ipsi

191 613 371 651 naturae
416 624 464 650 ac
507 610 755 650 necessitati
797 609 1064 664 denegaiem.
1132 607 1257 649 Nunc
1294 622 1385 648 sum
1428 608 1532 649 desi-

193 672 349 724 gnatus
371 668 538 720 aedilis;
565 668 704 709 habeo
725 668 949 721 rationem,
977 667 1078 722 quid
1105 681 1130 707 a
1155 667 1314 721 populo
1336 666 1532 708 Romano

193 727 446 782 acceperim,
478 702 584 768 1111111
611 728 734 768 111ᾶο8
763 726 1059 768 sanctissimos
1086 726 1274 767 maxima
1305 740 1401 767 cum
1433 740 1533 767 cura

193 789 236 828 et
279 786 539 828 caerimonia
583 785 745 839 Cereri,
792 786 947 827 Libero
992 785 1255 839 Liberaeque
1298 784 1535 838 faciundos,

193 845 300 887 mihi
337 844 511 886 Floram
554 848 737 886 matrem
775 846 935 899 populo
974 844 1174 897 plebique
1211 843 1431 885 Romanae
1470 844 1533 884 lu-

194 905 345 946 dorum
366 904 616 946 celebritate
637 904 903 959 placandam,
924 903 1030 944 mihi
1051 903 1174 944 ludos
1196 902 1533 956 antiquissimos,

194 964 267 1018 qui
287 963 415 1017 primi
432 962 617 1004 Romani
638 963 846 1017 appellati
868 965 979 1016 sunt,
1000 977 1095 1003 cum
1116 962 1327 1017 dignitate
1348 961 1535 1003 maxima

194 1025 237 1064 et
268 1022 479 1078 religione
510 1021 619 1076 Iovi,
657 1021 812 1063 Iunoni
843 1021 1145 1075 Minervaeque
1178 1035 1269 1062 esse
1302 1020 1535 1074 faciundos,

194 1081 301 1123 mihi
352 1096 569 1122 sacrarum
619 1081 786 1122 aedium
831 1080 1195 1135 procurationem,
1245 1079 1352 1120 mihi
1395 1081 1535 1121 totam
1592 1111 1593 1115 ,

194 1141 343 1182 urbem
388 1140 591 1181 tuendam
637 1154 728 1180 6886
773 1139 1065 1192 commissam3
1112 1139 1165 1180 ob
1208 1153 1354 1179 earum
1392 1153 1534 1179 rerum

195 1200 388 1240 laborem
434 1202 476 1240 et
520 1198 855 1240 sollicitudinem
895 1198 1060 1239 fructus
1102 1197 1202 1239 illos
1242 1198 1383 1251 datos,
1428 1197 1535 1238 anti-

196 1259 388 1313 quiorem
423 1258 468 1299 in
500 1261 651 1299 senatu
685 1258 922 1298 sententiae
955 1257 1155 1299 dicendae
1188 1257 1347 1309 locum,
1385 1259 1535 1311 togam
1594 1268 1595 1271 ’

194 1319 481 1372 praetextam,
520 1318 673 1358 sellam
713 1317 921 1369 curulem,
958 1316 1024 1357 ius
1057 1315 1258 1370 imaginis
1290 1315 1343 1356 ad
1375 1329 1536 1357 memo-

194 1377 303 1417 riam
329 1376 716 1430 posteritatemque
743 1375 995 1428 prodendae.
1045 1374 1108 1415 Ex
1136 1374 1202 1415 his
1230 1388 1309 1429 ego
1337 1374 1534 1415 omnibus

194 1436 340 1488 rebus,
377 1435 554 1487 iudices,
592 1435 655 1475 ita
693 1434 798 1474 mihi
837 1434 975 1475 omnis
1016 1433 1117 1474 deos
1150 1433 1362 1487 propitios
1394 1433 1536 1487 velim,

194 1497 253 1548 ut,
280 1494 455 1534 tametsi
476 1493 583 1534 mihi
603 1493 933 1534 iucundissimus
955 1495 1020 1533 est
1040 1492 1176 1534 honos
1202 1492 1363 1546 populi,
1390 1494 1535 1533 tamen

194 1567 465 1606 nequaquam
493 1552 614 1605 capio
641 1555 811 1593 tantum
839 1551 1089 1604 voluptatis,
1117 1553 1324 1604 quantum
1352 1553 1393 1592 et
1420 1551 1536 1592 solli·
1596 1551 1597 1556 ’

194 1611 396 1653 citudinis
429 1614 472 1652 et
504 1611 685 1664 laboris,
725 1614 772 1651 ut
803 1611 909 1652 haec
941 1610 1036 1665 ipsa
1069 1610 1284 1663 aedilitas,
1319 1624 1405 1651 non
1437 1610 1536 1664 quia
1596 1627 1597 1631 ¹

193 1685 367 1712 necesse
410 1669 559 1723 fuerit,
604 1670 731 1711 alicui
776 1669 1002 1711 candidato
1042 1669 1159 1723 data,
1203 1668 1292 1722 sed,
1337 1669 1437 1723 quia
1477 1669 1536 1710 sic

194 1729 453 1784 oportuerit,
490 1732 605 1770 recte
643 1729 868 1770 conlocata
905 1731 948 1769 et
984 1728 1139 1770 iudicio
1178 1727 1329 1782 populi
1365 1727 1410 1769 in
1441 1728 1535 1770 1060

195 1803 286 1829 6886
319 1788 462 1843 posita
494 1788 702 1829 videatur.

283 1847 347 1888 Tu
392 1862 488 1888 cum
527 1861 641 1887 esses
680 1849 854 1900 praetor
890 1846 1160 1887 renuntiatus
1199 1860 1369 1900 quoquo
1409 1845 1535 1887 modo

196 1905 342 1960 (mitto
382 1906 495 1947 enim
534 1908 576 1946 et
613 1908 854 1960 praetereo,
893 1905 994 1959 quid
1032 1908 1122 1946 tum
1163 1905 1218 1945 sit
1251 1903 1425 1959 actum),
1463 1904 1536 1945 sed

194 1980 289 2006 cum
335 1979 450 2006 esses
492 1964 782 2018 renuntiatus,
826 1966 874 2005 ut
913 1964 1015 2017 dixi,
1059 1978 1144 2005 11011
1181 1963 1275 2017 ipsa
1313 1963 1535 2016 praeconis

194 2038 297 2065 voce
335 2024 546 2064 excitatus
580 2038 642 2077 es,
683 2023 755 2077 qui
787 2025 830 2064 te
862 2023 1022 2063 totiens
1056 2023 1272 2063 seniorum
1305 2023 1536 2063 iuniorum-

195 2097 276 2137 que
315 2082 520 2124 centuriis
559 2082 636 2124 1110
672 2082 835 2123 honore
868 2081 991 2123 adfici
1023 2081 1338 2136 pronuntiavit,
1376 2083 1424 2122 ut
1455 2081 1536 2123 1106

194 2144 387 2196 putares,
428 2141 618 2195 aliquam
657 2141 719 2182 rei
756 2141 953 2195 publicae
991 2143 1160 2195 partem
1199 2139 1280 2181 tibi
1318 2140 1537 2193 creditam,

195 2215 354 2241 annum
392 2200 474 2241 tibi
511 2200 636 2241 illum
674 2214 807 2240 unum
845 2199 971 2240 domo
1010 2199 1240 2240 carendum
1279 2213 1370 2240 esse
1404 2213 1537 2240 mere-

193 2258 344 2300 tricis?
396 2274 491 2300 cum
540 2259 621 2300 tibi
672 2261 787 2300 sorte
838 2258 1085 2313 obtigisset,
1135 2258 1200 2299 uti
1248 2257 1314 2298 ius
1365 2257 1536 2310 diceres,

195 2320 403 2371 quantum
442 2318 624 2372 negotii,
663 2318 764 2371 quid
797 2318 937 2358 oneris
970 2317 1169 2370 haberes,
1206 2331 1440 2370 numquam
1473 2330 1536 2357 co·
1553 2324 1602 2374 35,

194 2376 376 2429 gitasti‘?
408 2391 544 2430 neque
565 2376 673 2417 illud
699 2376 880 2417 rationis
907 2376 1109 2429 habuisti,
1137 2375 1172 2415 si
1198 2375 1310 2416 forte
1338 2389 1537 2430 experge-
1601 2380 1602 2386 ’

193 2434 334 2476 facere
365 2438 408 2476 te
440 2450 608 2490 posses,
646 2450 739 2476 eam
772 2435 1055 2489 provinciam,
1089 2448 1217 2488 quam
1250 2434 1362 2475 tueri
1395 2434 1537 2489 singu-
