1618 2584
84 1953 139 1995 28

144 230 230 270 454
549 229 600 264 IN
627 229 663 264 C.
684 229 886 263 VERREM
911 228 1012 263 ACT.
1040 230 1083 264 ΙΙ.

144 325 316 381 penitus
355 326 512 379 excis03
555 325 664 365 nihil
702 327 791 365 tam
831 325 1024 366 clausum
1063 324 1116 366 ad
1154 325 1332 378 exitum,
1375 326 1484 366 nihil

144 386 234 426 tam
264 386 460 438 saeptum
491 383 689 437 undique,
720 383 828 423 nihil
861 386 951 424 tam
984 385 1126 424 tutum
1159 384 1212 424 ad
1244 384 1483 425 custodiam.

145 457 221 484 nec
265 443 357 483 fieri
394 457 471 483 nec
509 441 692 496 cogitari
729 444 885 496 potest.
947 441 999 482 In
1036 442 1114 483 has
1154 442 1403 497 lautumias,
1449 443 1485 484 si

148 502 220 556 qui
246 501 415 554 publice
445 500 710 541 custodiendi
742 503 852 554 sunt,
886 500 1016 541 etiam
1049 515 1099 541 ex
1131 500 1283 541 ceteris
1316 502 1484 555 oppidis

148 559 317 602 Siciliae
348 559 495 600 deduci
527 559 805 613 imperantur.
854 558 919 600 Eo
953 559 1066 612 quod
1098 560 1258 600 multos
1291 560 1485 614 captivos
1506 573 1520 597 5

147 619 252 661 civis
278 619 496 659 Romanos
524 618 773 672 coniecerat,
807 618 919 672 quod
947 618 1093 659 eodem
1127 620 1289 659 ceteros
1322 619 1486 672 piratas

148 677 272 719 condi
303 677 551 731 imperarat,
586 676 812 730 intellexit,
845 677 881 717 si
913 677 1025 717 hunc
1058 676 1321 717 subditivum
1354 677 1488 718 archi-

147 736 334 790 piratam
384 736 427 776 in
479 735 655 777 eandem
700 735 937 776 custodiam
983 735 1186 788 dedisset,
1235 734 1327 776 fore
1371 739 1419 776 ut
1464 751 1488 777 a

148 795 296 836 multis
323 795 367 835 in
394 794 615 835 lautumiis
642 808 766 835 verus
793 795 865 835 ille
893 794 974 835 dux
1003 797 1288 847 quaereretur.
1337 793 1488 849 Itaque

148 853 367 895 hominem
411 853 509 894 huic
553 853 741 907 optimae
779 853 1107 906 tutissimaeque
1146 852 1364 894 custodiae
1402 868 1489 894 non
1510 866 1543 891 10
1588 871 1590 880 =

149 913 277 953 audet
331 912 617 966 committere,
670 911 848 966 denique
899 910 1134 965 Syracusas
1184 914 1301 952 totas
1351 911 1488 966 timet,

150 971 351 1012 amendat
370 971 589 1012 hominem
608 995 662 1000 —-
682 971 795 1024 quo‘?
819 970 1073 1024 Lilybaeum
1092 970 1307 1011 fortasse?
1334 969 1488 1024 Video,

150 1033 295 1071 tamen
350 1030 546 1071 homines
603 1031 858 1070 maritumos
914 1044 1001 1070 non
1050 1029 1175 1083 plane
1226 1028 1488 1071 reformidat.

148 1088 344 1142 Minime,
382 1088 553 1129 iudices.
610 1088 902 1129 Panhormum
934 1087 1097 1142 igitur?
1147 1087 1306 1141 Audio3
1345 1103 1490 1142 quam-

151 1163 279 1203 quam
312 1146 553 1201 Syracusis,
590 1147 793 1201 quoniam
824 1147 867 1187 in
902 1145 1168 1200 Syracusano
1201 1149 1352 1200 captus
1385 1150 1489 1201 erat,
1512 1160 1542 1185 15

150 1221 361 1259 maxume,
397 1206 433 1246 si
465 1206 604 1247 minus
638 1205 847 1261 supplicio
882 1205 1016 1258 adfici,
1052 1208 1096 1246 at
1128 1205 1333 1246 custodiri
1366 1220 1491 1260 opor-

151 1266 284 1307 tebat.
334 1264 400 1306 Ne
427 1264 719 1306 Panhormum
747 1265 927 1318 quidem.
986 1264 1077 1313 Quo
1107 1264 1269 1319 igitur?
1303 1279 1385 1318 quo
1418 1280 1490 1319 pu-

151 1324 284 1365 tatis?
347 1323 415 1364 Ad
453 1323 647 1365 homines
688 1339 712 1364 a
749 1324 987 1377 piratarum
1026 1325 1143 1363 metu
1176 1325 1217 1363 et
1250 1323 1492 1377 suspicione

153 1383 457 1436 alienissimos,
496 1398 521 1423 a
558 1382 801 1437 navigando
835 1382 1046 1435 rebusque
1079 1381 1320 1422 maritumis
1353 1396 1490 1423 remo-
1596 1420 1603 1430 ,,

151 1442 363 1495 tissimos,
398 1441 451 1481 ad
484 1440 806 1495 Centuripinos,
842 1440 1038 1481 homines
1076 1440 1259 1481 maxime
1295 1440 1491 1481 mediter·
1511 1453 1544 1478 20
1596 1435 1603 1450 ⁹

152 1515 317 1554 raneos,
350 1514 541 1541 summos
574 1503 777 1553 aratores,
810 1499 881 1553 qui
914 1513 1069 1540 nomen
1100 1513 1334 1552 numquam
1367 1499 1492 1540 timu-

152 1560 287 1601 issent
302 1558 523 1600 maritumi
538 1558 777 1613 praedonis,
796 1573 927 1598 unum
942 1560 984 1598 te
1005 1560 1203 1611 praetore
1223 1558 1492 1599 horruissent

152 1618 411 1673 Apronium,
461 1620 711 1658 terrestrem
763 1616 1082 1671 archipiratam.
1150 1616 1207 1657 Et
1252 1619 1301 1657 ut
1352 1617 1491 1670 quivis

151 1677 278 1719 facile
317 1677 578 1731 perspiceret
612 1676 655 1716 id
688 1676 742 1716 ab
774 1676 858 1716 isto
893 1678 1034 1716 actum
1068 1689 1176 1728 esse,
1209 1678 1257 1716 ut
1287 1675 1361 1716 ille
1394 1690 1491 1730 sup·
1590 1712 1591 1729 ἶ

152 1736 319 1792 positus
348 1735 475 1776 facile
508 1737 550 1775 et
581 1734 767 1775 libenter
799 1749 843 1775 se
874 1734 1010 1787 illum,
1043 1734 1115 1788 qui
1146 1748 1231 1775 non
1264 1737 1367 1788 erat,
1400 1748 1491 1775 esse
1512 1746 1544 1771 25
1590 1737 1592 1746 '

154 1795 390 1848 simularet,
421 1794 607 1848 imperat
631 1792 933 1848 Centuripinis,
965 1795 1014 1833 ut
1039 1792 1074 1833 is
1108 1792 1223 1834 victu
1255 1793 1492 1847 ceterisque

152 1854 280 1895 rebus
320 1868 448 1907 quam
487 1852 802 1893 liberalissume
841 1851 1283 1905 commodissumeque
1322 1851 1492 1892 adhibe-

154 1916 284 1954 retur.

242 1971 414 2012 Interea
439 1969 708 2024 Syracusani,
740 1969 934 2010 homines
966 1969 1095 2023 periti
1128 1971 1170 2009 et
1201 1969 1389 2023 humani,
1421 1968 1492 2023 qui

154 2046 240 2072 non
278 2030 405 2071 modo
444 2044 510 2083 ea,
550 2043 658 2083 quae
690 2028 915 2082 perspicua
947 2030 1107 2080 essent,
1145 2028 1307 2082 videre,
1344 2042 1492 2068 verum
1512 2039 1545 2065 30
1592 2075 1593 2080 ¹

155 2090 285 2131 etiam
331 2089 498 2130 occulta
539 2087 747 2140 suspicari
786 2089 979 2142 possent,
1024 2086 1244 2127 habebant
1281 2087 1493 2127 rationem

155 2162 303 2190 omnes
335 2147 491 2189 cotidie
523 2146 779 2201 piratarum,
813 2146 884 2200 qui
918 2145 1054 2187 securi
1085 2145 1332 2199 ferirentur3
1365 2160 1493 2199 quam

155 2208 315 2248 multos
361 2221 451 2247 csse
497 2207 732 2260 oporteret,
777 2219 826 2245 ex
870 2204 964 2257 ipso
1008 2204 1201 2259 navigio,
1247 2203 1359 2257 quod
1404 2206 1495 2244 erat

155 2269 347 2321 captum,
391 2267 434 2305 et
477 2278 527 2305 ex
571 2278 788 2304 remorum
829 2277 1005 2304 numero
1048 2263 1326 2304 coniciebant.
1394 2262 1494 2316 Iste,

158 2325 270 2379 quod
291 2323 442 2377 omnis,
470 2322 541 2377 qui
566 2322 736 2363 artificii
763 2321 925 2375 aliquid
951 2322 1192 2362 habuerant
1219 2323 1293 2362 aut
1319 2320 1494 2374 formae,
1515 2330 1546 2357 35

158 2384 417 2435 [removerat
457 2383 603 2435 atque]
641 2381 892 2434 abduxerat,
931 2381 1119 2433 reliquos
1153 2380 1205 2432 si,
1244 2382 1292 2420 ut
1324 2394 1495 2421 consue-

157 2442 260 2484 tudo
303 2444 386 2494 est,
429 2440 651 2481 universos
698 2439 749 2481 ad
791 2439 938 2494 palum
978 2438 1219 2493 alligasset,
1265 2439 1493 2479 clamorem
