1618 2584
495 66 596 101 CAP.
619 70 734 102 9-12
760 70 780 109 ς
806 69 954 101 26—33.
1332 66 1385 106 91

53 177 222 207 versum
264 160 441 216 produci
481 176 608 216 posse
647 161 980 203 arbitrabantur.
1047 159 1094 202 Si
1130 162 1296 203 veniret
1334 162 1387 203 ab

54 220 236 274 Statilio,
262 220 438 261 tametsi
465 221 645 263 artificio
672 220 875 262 Roscium
902 222 1136 275 superaret,
1168 219 1388 274 adspicere

51 293 175 323 nemo
218 281 384 333 posset3
430 293 554 320 nemo
600 279 728 333 enim,
774 279 884 320 sicut
927 293 978 320 ex
1019 278 1218 333 improbo
1263 281 1388 332 patre

51 337 234 394 probum
270 336 407 377 filium
443 338 580 391 nasci,
619 338 678 379 sic
712 352 736 378 a
767 337 954 392 pessimo
986 337 1196 379 histrione
1227 337 1388 378 bonum

25 395 298 440 comoedum
341 395 434 437 fieri
477 410 603 450 posse
641 396 919 437 existimaret.
980 395 1090 445 Quia
1126 395 1326 437 veniebat
1365 410 1390 436 a

50 454 222 508 Roscio,
267 453 365 508 plus
410 454 541 496 etiam
586 455 711 508 scire,
755 469 884 508 quam
928 454 1127 509 sciebat„
1149 454 1388 496 videbatur.

51 512 171 563 Quod
212 512 316 554 item
356 526 492 567 nuper
529 513 573 553 in
609 512 742 554 Erote
779 513 982 555 comoedo
1019 527 1100 554 usu
1135 513 1271 568 venit3
1317 512 1454 567 quill

49 574 330 628 posteaquam
357 585 379 612 e
406 586 558 613 scaena
583 586 670 612 non
696 571 822 612 modo
850 572 1002 626 sibilis,
1034 572 1107 613 sed
1133 572 1264 614 etiam
1290 586 1389 613 con-

50 629 157 673 vicio
196 629 523 684 explodebatur,
562 630 672 671 sicut
709 630 754 670 in
791 644 911 671 aram
949 630 1144 686 confugit
1180 631 1225 671 in
1261 630 1388 672 huius

17 707 30 721 -·
52 688 241 742 domum,
274 688 564 743 disciplinam,
595 688 901 743 patrocinium,
930 703 1087 730 nomen
1118 689 1264 744 itaque
1295 703 1388 744 per-

12 725 19 788 1
51 747 170 790 brevi
207 749 418 802 tempore,
457 747 530 801 qui
560 761 613 788 ne
644 747 690 787 in
719 747 966 788 novissimis
1000 748 1169 802 quidem
1203 750 1296 789 erat
1327 747 1388 788 hi-

13 789 19 867 }
51 805 303 860 strionibus,
342 805 395 847 ad
432 806 595 860 primos
633 806 827 860 pervenit
865 806 1103 848 comoedos,
1167 806 1285 856 Quae
1320 821 1388 847 res
1416 818 1456 848 31

12 869 20 901 ἕ
51 864 204 907 extulit
248 865 373 906 eum‘?
435 863 533 905 Una
577 864 891 906 commendatio
935 865 1081 919 huius3
1129 865 1201 920 qui
1245 868 1391 906 tamen

14 908 20 984 ξ
49 922 298 979 Panurgum
324 923 460 976 illum,
491 937 579 964 non
604 923 743 964 solum
769 925 818 964 ut
842 923 971 965 Rosci
998 923 1232 978 discipulus
1257 923 1390 965 fuisse

51 981 276 1035 diceretur,
315 981 488 1023 domum
525 981 702 1036 recepit,
736 981 809 1022 sed
840 981 971 1023 etiam
1004 997 1171 1023 summo
1205 997 1300 1024 cum
1331 983 1390 1024 la-

16 1063 20 1077 «
51 1040 163 1096 bore,
195 1041 418 1082 stomacho
445 1040 702 1094 miseriaque
729 1040 895 1081 erudiit.
951 1040 1066 1082 Nam
1094 1055 1177 1095 quo
1211 1041 1390 1095 quisque

16 1126 20 1147 ;
51 1101 117 1142 est
155 1099 375 1142 sollertior
407 1101 450 1140 et
481 1099 762 1154 ingeniosior,
801 1099 883 1140 hoc
915 1099 1039 1140 docet
1069 1099 1314 1140 iracundius
1348 1102 1391 1140 et

17 1164 22 1209 3
51 1158 327 1212 laboriosius,
359 1158 472 1212 quod
498 1158 611 1199 enim
639 1158 731 1212 ipse
763 1157 960 1199 celeriter
992 1158 1187 1212 arripuit,
1218 1158 1263 1199 id
1294 1172 1391 1199 cum

51 1217 170 1259 tarde
196 1216 359 1272 percipi
383 1216 513 1269 videt,
545 1216 838 1258 discruciatur.
887 1216 1023 1258 Paulo
1050 1216 1223 1272 longius
1250 1217 1389 1258 oratio

51 1290 145 1318 mea
170 1278 375 1330 provecta
404 1277 470 1317 est
495 1275 576 1317 hac
602 1275 652 1316 de
684 1289 825 1329 causa,
856 1278 906 1316 ut
936 1275 1228 1317 condicionem
1262 1275 1390 1317 socie-

51 1335 154 1376 tatis
188 1334 417 1390 diligenter
449 1334 777 1390 cognosceretis.

138 1392 255 1442 Quae
287 1392 437 1434 deinde
469 1395 571 1434 sunt
603 1392 858 1434 consecuta?
904 1391 1207 1447 ‘Panurgum',
1238 1392 1390 1447 inquit,
1416 1404 1459 1436 32

52 1451 183 1494 ‘hunc
227 1466 398 1494 servum
441 1466 728 1506 communem,
772 1451 820 1500 Q.
851 1450 1026 1493 Flavius
1068 1451 1390 1505 Tarquiniensis

17 1495 26 1548 1
52 1511 223 1566 quidam
257 1509 484 1552 interfecit.
539 1510 591 1551 In
621 1510 732 1552 hanc
762 1509 887 1564 rem',
924 1510 1085 1564 inquit,
1125 1509 1212 1550 ‘me
1245 1509 1391 1565 cogni-

18 1550 188 1612 torem
220 1569 386 1611 dedisti.
441 1568 539 1610 Lite
571 1571 831 1622 contestata,
868 1568 1024 1610 iudicio
1058 1568 1204 1609 damni
1233 1568 1392 1610 iniuria

52 1629 284 1670 constituto
322 1631 370 1669 tu
409 1628 499 1669 sine
536 1642 604 1669 me
636 1642 732 1670 cum
762 1626 913 1669 Flavio
947 1626 1170 1669 decidisti?
1231 1626 1391 1668 Utrum

51 1702 128 1743 pro
149 1687 325 1729 dimidia
344 1689 470 1741 parte
490 1701 545 1728 an
569 1701 646 1741 pro
672 1689 768 1728 tota
791 1685 1004 1728 societate?
1036 1686 1208 1741 plam'us
1234 1686 1390 1727 dicam:

51 1749 194 1787 utrum
213 1761 291 1801 pro
318 1760 386 1787 me
412 1760 468 1787 an
493 1748 536 1787 et
560 1760 638 1800 pro
666 1760 733 1786 me
758 1747 801 1786 et
826 1759 904 1800 pro
930 1744 1003 1786 te?
1047 1744 1131 1786 Pro
1158 1759 1243 1799 me3
1269 1745 1392 1799 potui

54 1805 246 1860 exemplo
283 1805 538 1858 multorum3
576 1804 741 1846 licitum
780 1807 845 1845 est
875 1803 985 1857 iure3
1021 1803 1215 1845 fecerunt
1247 1804 1391 1857 multi,

52 1924 94 1963 et
130 1922 266 1976 aufer,
312 1922 426 1977 quod
463 1922 659 1976 debetur,
703 1936 825 1962 suam
863 1921 1041 1975 quisque
1078 1923 1247 1975 partem
1285 1920 1390 1961 iuris

51 1981 268 2036 possideat
288 1983 330 2022 et
349 1983 645 2035 persequatur.
665 2005 723 2009 —
742 1981 803 2021 At
822 1979 936 2021 enim
955 1982 1003 2020 tu
1022 1982 1146 2020 tuum
1166 1979 1391 2033 negotium

54 2039 225 2095 gessisti
261 2040 380 2081 bene.
418 2063 475 2068 -
513 2037 623 2080 Gere
660 2041 704 2080 et
740 2041 789 2080 tu
823 2040 946 2079 tuum
977 2039 1097 2080 bene.
1136 2062 1192 2067 ——-
1229 2037 1390 2093 Magno

53 2101 96 2139 tn
128 2101 248 2140 tuam
281 2098 501 2139 dimidiam
532 2099 700 2152 partem
734 2096 941 2139 decidisti.
982 2120 1031 2126 —
1073 2096 1234 2152 Magno
1268 2099 1311 2137 et
1342 2098 1391 2138 tu

52 2159 170 2198 tuam
194 2160 363 2212 partem
389 2156 544 2198 decide.
577 2180 632 2186 —-
664 2154 737 2197 HS
771 2166 962 2198 0001000
994 2157 1043 2197 tu
1075 2155 1307 2197 abstulisti.
1337 2179 1388 2184 —

52 2214 83 2268 †
106 2214 151 2256 Si
175 2216 224 2257 fit
255 2216 336 2258 hoc
366 2230 479 2270 vero,
511 2213 584 2256 HS
618 2225 807 2257 0001000
840 2217 888 2255 tu
921 2229 1089 2269 quoque
1121 2213 1252 2255 aufer.
1308 2212 1390 2255 Sed
1408 2199 1460 2281 13{

51 2272 160 2316 hanc
203 2275 459 2317 decisionem
496 2274 626 2315 Rosci
671 2273 864 2315 oratione
909 2276 952 2314 et
993 2273 1193 2325 opinione
1232 2286 1389 2326 augere
