1618 2584
450 259 537 295 LIB.
558 260 590 294 V
636 259 736 294 CAP.
764 263 900 294 57—59
927 263 946 302 ξ
975 263 1169 294 148—154.
1387 261 1474 302 485

139 356 287 397 misit?
326 370 408 410 quo
446 356 537 396 iure
569 354 738 396 fecisti?
778 355 871 409 quis
903 355 1016 395 idem
1046 354 1177 395 fecit?
1217 356 1288 409 qui
1324 356 1400 397 tibi
1431 357 1475 397 id

137 415 277 457 facere
320 414 471 456 licuit?
538 412 697 455 Forum
734 414 908 468 plenum
948 416 990 454 et
1026 413 1229 454 basilicas
1268 413 1449 455 istorum
1479 426 1542 456 152

138 473 360 514 hominum
392 473 603 526 videmus,
639 474 680 513 et
713 472 854 513 animo
888 486 1022 525 aequo
1055 471 1259 513 videmus.
1323 471 1474 514 Civilis

139 531 250 572 enim
290 531 565 572 dissensionis
604 533 647 571 et
685 544 758 571 seu
796 530 1007 571 amentiae
1043 544 1117 571 seu
1149 530 1228 571 fati
1261 544 1334 571 seu
1366 532 1475 572 cala-

102 602 119 628 5
139 590 304 630 mitatis
336 604 422 630 non
454 593 519 630 est
551 589 631 629 iste
664 589 871 629 molestus
904 590 1061 641 exitus,
1092 588 1137 628 in
1170 603 1252 642 quo
1285 589 1474 643 reliquos

139 648 293 689 saltem
332 648 436 689 civis
472 647 699 688 incolumis
738 647 837 687 licet
869 661 1132 688 conservare.
1188 646 1363 701 Verres,
1400 648 1475 689 ille

137 709 260 747 vetus
287 706 481 759 proditor
506 705 705 756 consulis,
738 706 975 746 translator
1002 707 1268 758 quaesturae,
1301 720 1476 747 aversor

137 764 341 818 pecuniae
374 763 588 817 publicae,
626 766 796 803 tantum
830 763 911 804 sibi
945 763 1216 804 auctoritatis
1248 764 1293 804 in
1325 779 1370 806 re
1403 780 1476 818 pu-

137 822 252 864 blica
278 821 476 875 suscepit,
508 824 567 874 ut,
600 822 754 875 quibus
780 821 1025 862 hominibus
1052 836 1128 876 per
1160 825 1368 876 senatum,
1400 838 1477 877 per

85 895 118 919 ιο
137 880 344 936 populum
376 879 635 934 Romanum,
674 894 749 934 per
782 894 928 921 omnes
963 880 1262 935 magistratus,
1293 881 1338 922 in
1369 881 1464 923 foro

137 940 181 980 in
208 938 437 993 suffragiis,
463 937 507 979 in
533 938 613 979 hac
639 939 755 990 urbe,
787 938 833 979 in
858 953 902 979 re
929 939 1102 992 publica
1127 939 1290 981 versari
1316 940 1476 994 liceret,

136 998 189 1038 iis
218 997 414 1038 omnibus
442 999 624 1038 mortem
651 997 849 1038 acerbam
876 997 1174 1051 crudelemque
1203 1002 1476 1053 proponeret

137 1056 174 1097 si
211 1056 384 1097 fortuna
421 1069 494 1097 eos
533 1056 585 1096 ad
618 1056 806 1109 aliquam
838 1059 1006 1110 partem
1039 1054 1208 1097 Siciliae
1241 1057 1477 1099 detulisset.

136 1114 205 1155 Ad
227 1113 301 1156 Cn.
322 1114 586 1179 Pompeium,
613 1114 899 1156 clarissimum
920 1115 1059 1155 virum
1086 1118 1128 1156 et
1154 1116 1451 1170 foitissimum,
1480 1126 1545 1157 153

84 1187 116 1211 15
136 1173 342 1228 peimulti
380 1174 518 1214 occiso
558 1172 775 1227 Perperna
812 1188 861 1214 ex
900 1173 976 1214 1110
1013 1172 1260 1215 Seitoriano
1298 1189 1476 1217 numero

137 1232 325 1273 militum
375 1233 670 1287 confugerunt.
739 1232 873 1280 Quem
919 1247 1005 1273 non
1048 1232 1122 1273 ille
1168 1247 1335 1274 summo
1380 1248 1476 1275 cum

138 1291 278 1332 studio
300 1291 466 1332 salvom
487 1290 830 1344 incolumemque
851 1291 1068 1331 servavit?
1101 1291 1168 1332 cui
1188 1291 1269 1332 civi
1293 1293 1477 1346 supplici

135 1364 222 1391 non
247 1349 324 1390 illa
351 1349 525 1390 dextera
550 1349 711 1390 invicta
736 1349 863 1390 fidem
890 1349 1081 1403 porrexit
1107 1352 1150 1390 et
1177 1364 1295 1404 spem
1324 1351 1476 1392 salutis

137 1408 353 1449 ostendit?
409 1407 531 1449 Itane
569 1408 699 1449 vero?
739 1408 892 1462 quibus
924 1407 1007 1448 fuit
1038 1410 1188 1462 portus
1222 1409 1335 1463 apud
1368 1423 1476 1463 eum,

83 1480 116 1505 20
138 1481 263 1521 quem
290 1469 440 1508 contra
467 1481 587 1507 arma
612 1467 815 1520 tulerant,
846 1466 899 1507 iis
927 1467 1038 1521 apud
1069 1470 1124 1520 te,
1157 1467 1274 1508 cuius
1307 1468 1475 1509 nullum

135 1526 180 1566 in
211 1540 257 1566 re
289 1525 463 1580 publica
494 1528 761 1566 momentum
791 1540 995 1579 umquam
1026 1525 1127 1579 fuit,
1162 1540 1278 1566 mors
1312 1528 1354 1567 et
1385 1541 1475 1568 cru-

136 1585 272 1625 ciatus
306 1588 399 1625 erat
431 1584 719 1625 constitutus?
776 1584 903 1637 Vide,
941 1598 1069 1637 quam
1102 1584 1371 1626 commodam
1404 1585 1472 1626 de-
1489 1590 1544 1631 59

134 1642 371 1684 fensionem
404 1643 680 1697 excogitaris!
735 1642 852 1684 Malo
884 1643 1123 1684 mehercule
1154 1643 1209 1696 id,
1243 1643 1355 1697 quod
1386 1646 1434 1684 tu
1459 1647 1545 1692 (59)

135 1701 344 1754 defendis,
382 1701 449 1742 his
487 1701 696 1742 iudicibus
735 1701 980 1756 populoque
1017 1701 1213 1742 Romano
1254 1716 1383 1756 quam
1419 1702 1474 1755 id,

82 1772 115 1797 25
137 1760 250 1814 quod
288 1774 367 1815 ego
406 1760 627 1814 insimulo,
671 1760 861 1813 probari,
905 1761 1039 1814 malo,
1084 1760 1277 1814 inquam,
1321 1763 1364 1801 te
1402 1760 1476 1801 isti

136 1818 283 1874 generi
324 1818 547 1860 hominum
592 1833 721 1872 quam
765 1819 1075 1859 mercatoribus
1117 1821 1159 1859 et
1199 1818 1474 1860 naviculariis

134 1877 354 1918 inimicum
388 1880 514 1930 atque
545 1876 748 1917 infestum
781 1877 936 1931 putari.
991 1876 1136 1918 Meum
1168 1877 1281 1918 0111111
1314 1877 1476 1918 crimen

135 1936 341 1976 avaritiae
361 1937 404 1975 te
423 1935 582 1976 nimiae
603 1935 810 1989 coarguit,
837 1938 912 1975 tua
936 1934 1125 1976 defensio
1151 1935 1310 1976 furoris
1337 1936 1475 1977 cuius-

135 1994 233 2034 dam
260 1997 303 2034 et
328 1993 612 2034 immanitatis
640 1996 682 2034 et
713 1993 930 2034 inauditae
963 1994 1231 2035 crudelitatis
1266 1996 1308 2035 et
1339 2009 1474 2048 paene

82 2065 114 2089 30
133 2066 269 2093 novae
307 2051 647 2106 proscriptionis.
708 2049 790 2092 Sed
827 2066 913 2092 non
952 2052 1054 2093 licet
1079 2067 1164 2093 >me
1201 2052 1286 2093 isto
1325 2055 1448 2093 tanto
1478 2060 1544 2092 154

133 2111 266 2164 bono,
309 2110 486 2163 iudices,
527 2110 609 2162 uti,
646 2124 733 2151 11011
769 2110 882 2151 licet.
943 2110 1114 2151 Adsunt
1153 2110 1266 2151 enim
1303 2110 1475 2152 Puteoli

133 2169 234 2223 toti3
272 2168 612 2222 frequentissimi
643 2171 851 2209 venerunt
884 2168 937 2210 ad
967 2169 1048 2210 hoc
1079 2168 1283 2210 iudicium
1316 2184 1473 2211 merca-

133 2231 267 2282 tores,
304 2227 773 2282 homineslocupletes
813 2230 941 2281 atque
978 2227 1166 2281 honesti,
1206 2228 1278 2282 qui
1312 2228 1474 2282 partim

135 2286 272 2328 socios
305 2297 423 2339 suos,
461 2286 620 2340 partim
652 2286 850 2340 libertos,
888 2286 1048 2340 partim
1081 2286 1343 2328 conlibertos
1377 2301 1473 2340 spo-

47 2374 50 2376 -
81 2356 112 2381 35
133 2345 264 2400 liatos
300 2345 345 2386 in
382 2344 524 2386 vincla
561 2344 794 2398 coniectos,
831 2345 991 2399 partim
1025 2345 1071 2386 111
1102 2345 1255 2386 vinclis
1286 2348 1474 2399 necatos,

132 2403 293 2458 partim
331 2403 468 2444 securi
506 2417 730 2457 percussos
769 2417 860 2444 esse
894 2403 1050 2445 dicunt.
1105 2403 1187 2445 Hic
1218 2403 1312 2444 vide
1345 2419 1474 2458 quam

134 2476 200 2503 me
239 2461 298 2502 sis
337 2475 491 2503 usurus
531 2476 678 2516 aequo.
742 2460 849 2503 Cum
888 2476 967 2517 ego
999 2461 1046 2502 P.
1074 2461 1281 2503 Granium
1316 2464 1473 2504 testem

1466 916 1477 936 2
