1618 2584
528 77 626 112 CAP.
654 83 682 120 1,
708 81 728 112 2
755 82 773 121 ξ
807 81 909 113 1—5.
1305 80 1385 121 101

54 189 120 218 me
162 174 330 229 publice
373 187 500 228 saepe
544 177 768 226 venerunt,
811 177 860 216 ut
902 188 1075 216 suarum
1115 174 1385 217 fortunarum

53 233 241 276 omnium
267 246 440 274 causam
468 232 837 287 defensionemque
864 233 1140 288 susciperem3
1168 249 1234 275 me
1261 249 1386 290 saepe

53 305 143 334 esse
186 291 444 346 pollicitum,
489 306 614 346 saepe
659 292 895 333 ostendisse
939 292 1154 345 dicebant,
1199 293 1234 334 si
1273 294 1385 347 quod

51 353 220 404 tempus
258 350 499 404 accidisset,
537 365 621 404 quo
659 352 852 405 tempore
891 351 1053 405 aliquid
1090 366 1114 393 a
1149 366 1216 393 me
1249 352 1385 406 requi·

51 411 204 461 rerent,
236 409 471 450 commodis
504 423 650 450 eorum
683 424 749 450 me
780 424 866 451 non
898 410 1154 451 defuturum.
1204 409 1384 452 Venisse

53 471 222 522 tempus
266 467 457 521 aiebant,
501 482 586 509 non
623 468 708 509 iam
747 471 795 509 ut
833 469 1056 510 commoda
1093 483 1186 522 sua,
1230 469 1304 511 sed
1343 472 1388 511 ut

41 526 182 568 'vitam
222 526 488 580 salutemque
528 526 660 567 totius
693 527 937 581 provinciae
971 528 1257 583 defenderem3
1295 543 1387 570 sese

48 585 134 627 iam
173 599 226 626 ne
265 584 364 626 deos
405 585 575 639 quidem
611 585 655 625 in
694 586 781 626 suis
820 586 1015 640 urbibus,
1057 587 1109 628 ad
1149 602 1254 642 quos
1293 602 1389 629 con-

50 643 268 700 fugerent,
306 643 482 696 habere,
520 643 631 698 quod
671 658 816 685 eorum
856 645 1085 687 simulacra
1117 647 1389 688 sanctissima

51 701 96 745 C.
116 702 272 744 Verres
300 717 348 744 ex
376 702 565 744 delubris
595 702 932 757 religiosissimis
966 705 1224 747 sustulisset.
1275 704 1388 754 Quas

48 775 116 803 res
148 761 336 803 luxuries
368 761 413 802 in
444 761 641 816 flagitiis,
677 761 907 803 crudelitas
940 763 983 803 in
1016 764 1257 818 suppliciis,
1289 779 1388 806 ava-

49 820 150 862 ritia
187 820 232 861 in
268 820 449 875 rapinis,
488 820 687 875 superbia
726 820 770 861 in
807 822 1077 863 contumeliis
1118 822 1284 864 efficere
1317 837 1388 878 po-

49 879 216 932 tuisset,
242 894 313 921 eas
335 893 482 921 omnes
504 893 595 920 sese
615 879 696 921 hoc
719 893 803 920 uno
830 882 1028 934 praetore
1054 896 1129 935 per
1155 882 1389 923 triennium

49 939 296 994 pertulisse3
335 952 488 993 rogare
527 940 569 979 et
607 953 747 991 orare,
783 953 836 980 ne
867 938 968 980 illos
1001 940 1215 994 supplices
1248 955 1389 995 asper-

48 1011 187 1050 narer,
208 1012 314 1051 quos
332 1012 399 1038 me
416 997 619 1039 incolumi
636 997 795 1038 nemini
813 998 1026 1052 supplices
1046 1013 1137 1040 esse
1159 1002 1388 1054 oporteret.

136 1055 233 1097 Tuli
262 1057 453 1110 graviter
480 1058 522 1098 et
555 1056 716 1109 acerbe,
747 1056 919 1110 iudices,
951 1058 994 1097 in
1022 1072 1117 1098 eum
1147 1072 1214 1098 me
1246 1058 1388 1099 locum

49 1115 218 1169 adduci,
256 1118 304 1156 ut
342 1118 416 1157 aut
453 1129 526 1157 eos
563 1115 760 1157 homines
798 1129 895 1170 spes
929 1115 1119 1168 falleret,
1159 1116 1231 1170 qui
1264 1131 1388 1171 opem

49 1189 74 1216 a
111 1189 177 1215 me
217 1176 344 1228 atque
383 1174 589 1215 auxilium
621 1174 848 1229 petissent,
887 1177 962 1216 aut
994 1189 1092 1230 ego,
1131 1175 1203 1229 qui
1235 1190 1302 1217 me
1336 1176 1387 1217 ad

49 1232 334 1275 defendendos
354 1233 549 1275 homines
572 1233 625 1274 ab
648 1233 821 1274 ineunte
848 1233 1139 1275 adulescentia
1166 1234 1388 1287 dedissem,

49 1294 241 1347 tempore
259 1295 388 1346 atque
407 1292 546 1334 officio
567 1295 738 1333 coactus
758 1292 810 1333 ad
829 1292 1111 1334 accusandum
1131 1293 1388 1335 traducerer.

47 1350 255 1393 Dicebam
287 1351 446 1392 habere
478 1365 549 1392 eos
583 1354 771 1392 actorem
804 1350 850 1399 Q.
878 1350 1128 1403 Caecilium,
1162 1353 1233 1406 qui
1266 1367 1388 1407 prae-

49 1410 198 1451 sertim
226 1413 428 1464 quaestor
454 1410 499 1450 in
531 1408 676 1451 Sicilia
707 1409 929 1464 provincia
959 1410 1124 1451 fuisset.
1181 1409 1273 1459 Quo
1307 1425 1387 1466 ego

48 1468 293 1510 adiumento
330 1469 556 1526 sperabam
589 1469 698 1510 hanc
731 1484 756 1509 a
787 1483 853 1510 me
886 1483 1011 1524 posse
1043 1469 1287 1511 molestiam
1321 1470 1386 1511 de-

47 1527 228 1581 moveri,
260 1527 303 1568 id
335 1528 442 1569 mihi
474 1530 567 1569 erat
599 1528 891 1568 adversarium
923 1528 1118 1570 maxime.
1176 1528 1288 1569 Nam
1320 1529 1386 1570 illi

48 1587 185 1628 multo
230 1586 336 1627 mihi
378 1587 460 1628 hoc
503 1586 672 1628 facilius
717 1586 1001 1640 remisissent,
1045 1587 1082 1628 si
1125 1587 1257 1628 istum
1301 1602 1387 1629 non

47 1648 241 1699 nossent,
285 1648 359 1687 aut
396 1645 434 1687 si
470 1645 552 1686 iste
592 1645 704 1700 apud
742 1660 813 1687 eos
859 1648 1062 1699 quaestor
1099 1660 1185 1687 non
1222 1646 1386 1687 fuisset.

48 1704 270 1746 Adductus
297 1719 404 1758 sum,
429 1704 601 1758 iudices,
633 1704 786 1757 officio,
817 1704 911 1758 fide,
945 1704 1248 1758 misericordia,
1280 1706 1386 1746 mul-

48 1765 190 1805 torum
218 1764 431 1805 bonorum
464 1763 671 1818 exemplo,
703 1766 847 1804 vetere
880 1763 1186 1805 consuetudine
1217 1764 1387 1806 institu-

49 1824 178 1877 toque
216 1823 446 1876 maiorum,
490 1825 538 1863 ut
577 1837 684 1864 onus
710 1822 848 1864 huius
887 1822 1050 1864 laboris
1091 1825 1219 1876 atque
1258 1823 1389 1864 officii

0 1931 1 1937 ἵ
48 1895 133 1923 11011
170 1895 219 1923 ex
257 1896 371 1936 meo,
410 1881 483 1922 sed
518 1896 568 1922 ex
600 1896 793 1923 meorum
823 1881 1163 1923 necessariorum
1195 1885 1389 1937 tempore

0 1993 2 1997 .
49 1940 152 1982 mihi
185 1940 501 1996 suscipiendum
524 1943 741 1994 putarem.

136 1999 228 2048 Quo
253 1999 306 2042 jn
335 1999 511 2055 negotio
543 2002 689 2041 tamen
720 1999 798 2040 illa
830 2013 896 2040 me
928 2013 1009 2053 res,
1040 1999 1212 2052 iudices,
1244 2014 1390 2041 conso-

48 2058 179 2113 latur,
223 2058 337 2113 quod
373 2059 497 2112 haec,
542 2072 649 2112 quae
687 2057 859 2099 videtur
893 2072 985 2099 esse
1024 2059 1238 2100 accusatio
1284 2073 1390 2111 mea,

48 2131 134 2169 non
169 2117 314 2172 potius
348 2117 563 2160 accusatio
597 2132 724 2171 quam
764 2116 953 2158 defensio
993 2120 1058 2158 est
1096 2116 1391 2158 existimanda.

51 2174 239 2218 Defendo
273 2176 385 2218 enim
417 2176 577 2218 multos
610 2176 829 2229 mortales,
860 2176 1020 2217 multas
1054 2175 1262 2229 civitateS,
1296 2191 1393 2230 pro-

52 2233 234 2276 vinciam
279 2234 468 2277 Siciliam
505 2238 657 2277 totam.
719 2234 857 2284 Quam
895 2234 949 2276 ob
990 2249 1097 2288 rem,
1142 2235 1242 2290 quia
1287 2235 1393 2276 mihi

52 2307 160 2335 unus
180 2296 245 2335 est
271 2294 544 2348 accusandus,
570 2308 702 2351 prope
728 2294 900 2335 modum
926 2308 1098 2335 manere
1123 2293 1167 2334 in
1191 2293 1392 2335 instituto

1414 1033 1442 1115 ons—10
