1675 2574
509 128 608 172 CAP.
635 133 771 164 29—31
799 133 818 172 s
844 115 999 165 82-83.
1240 122 1243 125 '
1361 130 1417 171 59

78 240 202 270 nemo
247 227 425 267 conetur
468 225 559 266 sine
601 239 675 280 spe
715 227 843 280 atque
881 225 1169 266 emolumento
1209 226 1417 267 accedere.

79 284 203 328 Hunc
241 283 527 338 quaesitorem
562 298 611 325 ac
641 283 823 324 iudicem
854 283 1079 339 fugiebant
1112 286 1241 337 atque
1274 284 1417 325 horre-
1443 292 1486 323 85

79 344 185 386 bant
202 342 245 396 ii,
272 342 426 396 quibus
446 342 685 396 periculum
705 343 943 396 creabatur,
968 342 1063 383 ideo
1091 342 1215 396 quod,
1242 343 1418 384 tametsi

79 400 274 444 veritatis
294 403 387 441 erat
408 400 581 454 amicus,
606 403 752 441 tamen
771 403 927 442 natura
950 415 1037 442 non
1062 403 1149 442 tam
1178 415 1417 455 propensus

46 460 133 503 sad
179 458 516 500 misericordiam
566 473 694 513 quam
743 459 1008 514 implacatus*
1045 459 1098 500 ad
1142 459 1417 501 severitatem

77 518 312 560 videbatur.
373 516 486 573 Ego,
531 531 792 572 quamquam
829 520 1000 572 praeest
1038 517 1136 560 111116
1175 518 1418 572 quaestioni

47 577 143 620 ⁴vir
181 578 223 618 et
260 578 412 617 contra
450 575 671 617 audaciam
707 575 970 618 fortissimus
1009 579 1052 618 et
1088 577 1141 618 ab
1172 577 1418 619 innocentia

79 634 450 688 clementissimus,
480 636 628 675 tamen
652 634 779 675 facile
811 649 878 676 me
910 638 1082 689 paterer
1113 636 1181 677 vel
1213 635 1289 677 illo
1321 636 1416 690 ipso

80 693 285 736 acerrimo
311 693 448 734 iudice
480 695 710 747 quaerente
742 693 811 734 vel
844 694 955 747 apud
983 692 1213 736 Cassianos
1244 694 1418 748 iudices,

45 765 63 790 o
81 766 261 807 quorum
281 752 412 793 etiam
430 766 543 793 nunc
561 751 605 805 ii,
632 751 787 805 quibus
808 766 937 793 causa
956 752 1134 794 dicenda
1160 756 1236 807 est,
1261 767 1419 794 nomen

78 811 218 867 ipsum
259 810 558 863 reformidant,
601 824 679 864 pro
718 808 810 851 SeX.
843 809 999 852 Roscio
1039 811 1188 852 dicere.
1250 811 1302 853 In
1337 812 1418 854 hac
1433 792 1488 874 ἐξ

79 870 192 912 enim
218 884 346 911 causa
371 884 468 910 eum
492 869 687 910 viderent
712 869 812 910 illos
846 869 1161 923 amplissimam
1192 871 1417 925 pecuniam

21 899 31 992 1
77 928 308 984 possidere,
339 928 452 969 hunc
476 927 522 968 in
547 941 715 968 summa
746 927 1022 969 mendicitate
1054 943 1159 982 esse,
1190 929 1299 970 illud
1331 928 1428 984 qui-

79 987 174 1029 dem
215 1001 303 1028 non
342 988 613 1041 quaererent,
657 986 724 1028 cui
761 987 875 1027 bono
913 987 1086 1041 fuisset,
1130 987 1203 1028 sed
1241 1002 1290 1029 eo
1328 1002 1432 1042 per-

46 1057 61 1084 5
80 1047 224 1100 spicue
245 1045 406 1087 crimen
425 1047 468 1086 et
488 1045 775 1100 suspicionem
794 1045 938 1099 potius
966 1045 1019 1086 ad
1044 1046 1248 1100 praedam
1275 1046 1420 1088 adiun-

25 1085 33 1156 1
79 1107 229 1161 gerent
266 1119 394 1158 quam
431 1103 484 1145 ad
515 1106 764 1159 egestatem.
803 1103 955 1157 Quid,
996 1104 1032 1145 31
1064 1105 1227 1146 accedit
1259 1105 1420 1159 eodem,

0 1161 34 1202 *¹
77 1166 126 1205 ut
155 1163 297 1204 tenuis
330 1165 457 1204 antea
488 1162 649 1204 fueris?
696 1162 815 1216 quid,
853 1163 890 1204 si
920 1165 969 1204 ut
1001 1163 1186 1204 avarus?
1232 1164 1350 1217 quid,
1384 1164 1421 1205 si

33 1245 35 1254 2
77 1224 126 1264 ut
163 1221 329 1263 audax?
374 1221 492 1276 quid,
532 1221 568 1262 si
605 1224 653 1262 ut
684 1221 820 1275 illius,
858 1221 931 1276 qui
963 1222 1127 1263 occisus
1161 1224 1244 1276 est,
1282 1222 1432 1269 inimi-A

29 1297 36 1319 r.
78 1280 302 1323 cissimus?
345 1295 448 1321 num
487 1279 728 1334 quaerenda
763 1294 909 1333 eausa,
948 1295 1055 1334 quae
1090 1283 1132 1321 te
1165 1280 1218 1322 ad
1249 1283 1420 1322 tantum

29 1347 62 1378 o
78 1339 241 1382 facinus
281 1339 534 1381 adduxerit?
578 1338 689 1388 Quid
726 1352 828 1393 ergo
865 1338 1019 1380 horum
1058 1339 1209 1394 negari
1246 1340 1420 1393 potest?

30 1403 37 1434 ῐ
79 1398 282 1440 Tenuitas
320 1397 507 1440 hominis
547 1398 636 1439 eius
675 1397 790 1439 modi
828 1400 911 1451 est,
948 1400 996 1439 ut
1033 1398 1297 1439 dissimulari
1334 1413 1421 1440 non

0 1477 39 1500 :1
80 1459 208 1512 queat
240 1459 368 1511 atque
401 1471 450 1498 eo
484 1457 622 1512 magis
656 1456 840 1510 eluceat,
879 1470 962 1510 quo
995 1457 1134 1512 magis
1167 1457 1420 1512 occultatur.

79 1516 321 1558 Avaritiam
358 1515 567 1569 praefers,
605 1515 678 1570 qui
716 1515 967 1557 societatem
1005 1516 1156 1557 coieris
1196 1515 1246 1556 de
1285 1516 1420 1557 muni·
1445 1523 1490 1555 87

82 1575 188 1629 cipis
220 1575 479 1630 cognatique
510 1574 696 1615 fortunis
729 1589 825 1615 cum
859 1574 1134 1616 alienissimo.
1192 1574 1329 1623 Quam
1362 1575 1420 1616 sis

47 1645 62 1672 5
81 1633 234 1687 audaX,
275 1636 324 1675 ut
356 1633 441 1674 alia
473 1632 722 1683 obliviscar,
753 1632 853 1674 hinc
885 1647 1032 1674 omnes
1064 1633 1318 1688 intellegere
1350 1647 1422 1687 po-

35 1710 39 1722 r
79 1695 264 1746 tuerunt,
290 1692 404 1747 quod
430 1706 480 1733 ex
504 1694 600 1733 tota
626 1691 843 1745 societate,
872 1691 954 1734 1106
980 1694 1046 1733 est
1073 1706 1123 1733 ex
1147 1694 1215 1733 tot
1241 1692 1422 1746 sicariis,

37 1778 39 1789 ,
81 1752 197 1793 solus
234 1754 283 1792 tu
319 1748 537 1792 inventus'
558 1764 621 1804 es,
660 1750 731 1805 qui
768 1765 864 1792 eum
900 1751 1220 1793 accusatoribus
1253 1751 1421 1792 sederes

81 1811 208 1865 atque
229 1824 276 1852 os
295 1812 419 1851 tuum
438 1824 525 1851 non
544 1809 671 1850 modo
693 1809 952 1863 ostenderes,
978 1810 1052 1851 sed
1075 1811 1207 1851 etiam
1234 1810 1443 1851 offerres:

79 1867 332 1911 Inimicitias
358 1868 441 1910 tibi
472 1868 603 1909 fuisse
635 1883 728 1910 eum
764 1866 856 1909 Sex.
883 1868 1040 1910 Roscio
1073 1871 1116 1910 et
1146 1882 1328 1924 magnas
1360 1868 1422 1909 rei

33 1942 59 1961 ·
81 1927 304 1969 familiaris
334 1927 650 1969 controversias
682 1927 888 1968 concedas
919 1942 1092 1969 11606336
1124 1930 1201 1969 est.
1255 1927 1422 1980 Restat,
1449 1933 1493 1965 88

79 1986 255 2040 iudices,
291 1988 341 2039 ut
376 1986 458 2028 1100
493 1983 756 2039 dubitemus,
795 1988 891 2027 uter
921 1986 1066 2041 potius
1100 1985 1193 2027 Sex.
1219 1985 1424 2027 Roscium

41 2063 43 2081 1
81 2045 298 2099 occiderit,
341 2045 396 2100 is,
438 2044 491 2086 ad
531 2059 657 2099 quem
694 2047 833 2086 morte
871 2044 962 2086 eius
1002 2044 1177 2085 divitiae
1215 2044 1424 2098 venerint,

84 2117 137 2145 an
161 2104 210 2158 is,
243 2104 296 2146 ad
322 2118 449 2159 quem
474 2102 740 2157 mendicitas,
771 2103 821 2156 is,
855 2103 927 2157 qui
954 2106 1081 2144 antea
1106 2103 1248 2144 tenuis
1280 2103 1424 2156 fuerit,

85 2176 138 2203 an
168 2163 223 2217 is,
261 2163 333 2217 qui
365 2165 516 2217 postea
547 2162 688 2203 factus
722 2161 779 2202 sit
810 2162 1132 2217 egentissimus,
1167 2162 1223 2215 is,
1257 2161 1329 2216 qui
1362 2176 1425 2203 ar-

53 2242 60 2252 ·
85 2219 185 2262 dens
207 2222 392 2263 avaritia
410 2221 576 2263 feratur
594 2220 776 2262 infestus
795 2220 841 2261 in
864 2235 974 2274 suos,
1003 2235 1058 2262 an
1081 2221 1131 2275 is,
1158 2221 1231 2274 qui
1257 2235 1425 2275 semper

82 2278 145 2320 ita
168 2280 335 2335 vixerit,
360 2282 409 2322 ut
436 2282 663 2335 quaestum
687 2282 836 2321 nosset
860 2280 1041 2334 nullum,
1067 2280 1254 2321 fructum
1280 2282 1425 2321 autem

83 2350 178 2379 eum
211 2339 369 2394 30111111,
407 2353 534 2394 quem
566 2338 715 2380 labore
746 2338 1003 2394 peperisset,
1040 2338 1095 2393 is,
1128 2338 1201 2392 qui
1233 2338 1426 2380 omnium

1668 2505 1675 2540 ὶ

1670 2553 1675 2574 ε
