1618 2584
395 208 485 242 LIB.
512 208 562 243 lv
607 208 709 244 CAP.
735 211 874 242 46—49
901 210 920 249 ἓ
950 210 1144 243 103-108.
1347 209 1433 249 409

95 303 409 357 antiquissimis
449 302 709 344 Graecorum
747 302 905 344 litteris
944 316 993 344 ac
1030 303 1336 357 monumentis,
1373 304 1434 345 in-

95 362 234 403 sulam
272 359 463 403 Siciliam
503 364 642 403 totam
681 375 774 402 esse
810 360 955 403 Cereri
992 363 1035 403 et
1071 360 1253 402 Liberae
1291 376 1434 403 conse·

94 422 270 462 oratam.
337 419 431 461 Hoc
481 435 576 462 cum
627 422 792 461 ceterae
842 423 992 475 gentes
1043 419 1104 461 sic
1155 420 1434 474 arbitrantur,

94 481 185 520 tum
228 478 334 533 ipsis
381 477 533 520 Siculis
578 478 641 520 ita
684 492 937 533 persuasum
982 480 1064 531 est,
1106 481 1155 520 ut
1195 479 1240 520 in
1278 479 1433 520 animis

58 548 74 573 5
93 551 240 578 eorum
267 537 445 578 insitum
475 539 604 591 atque
635 536 831 578 innatum
863 551 956 578 esse
988 537 1195 579 videatur.
1244 536 1358 579 Nam
1391 540 1434 578 et

92 598 217 637 natas
245 610 337 637 esse
363 595 442 637 has
473 595 518 637 in
548 595 602 636 iis
635 595 741 637 locis
774 595 874 636 deas
907 598 950 636 et
980 595 1126 650 fruges
1157 596 1202 637 in
1235 610 1285 638 ea
1316 599 1433 637 terra

91 654 279 708 primum
328 656 522 708 repertas
573 667 665 695 esse
716 653 983 695 arbitrantur
1033 656 1077 696 et
1124 657 1295 709 raptam
1340 669 1433 696 esse

91 711 304 767 Liberam,
337 727 465 767 quam
498 712 675 754 eandem
702 712 1006 767 Proserpinam
1036 716 1205 767 vocant,
1238 728 1288 755 ex
1319 712 1432 754 Hen-

91 771 287 812 nensium
315 785 501 825 nemore,
533 770 606 825 qui
637 771 769 824 locus,
802 771 915 824 quod
945 771 991 812 in
1022 771 1162 813 media
1194 774 1260 813 est
1290 771 1433 813 insula

39 841 72 867 10
92 829 218 883 situs,
261 829 490 871 umbilicus
529 827 699 871 Siciliae
739 829 999 870 nominatur.
1062 829 1200 878 Quam
1238 845 1335 872 cum
1371 830 1433 872 in-

90 888 308 944 vestigare
346 891 389 929 et
426 888 676 942 conquirere
714 886 842 929 Ceres
881 888 1031 942 vellet,
1076 888 1232 930 dicitur
1268 889 1432 930 inflam-

91 961 231 988 masse
268 947 416 988 taedas
451 948 537 1000 [ex]
569 946 623 988 iis
654 946 845 1002 ignibus,
884 946 958 1001 qui
990 961 1040 988 ex
1072 947 1240 989 Aetnae
1271 948 1432 990 vertice

91 1008 338 1060 erumpunt,
395 1019 501 1059 quas
551 1005 634 1047 sibi
684 1020 781 1047 cum
829 1006 924 1060 ipsa
972 1005 1227 1060 praeferret,
1283 1007 1432 1048 orbem

92 1078 261 1106 omnem
293 1078 549 1119 peragrasse
584 1067 809 1106 terrarum.
864 1063 1020 1106 Henna
1053 1067 1209 1119 autem,
1240 1065 1315 1106 ubi
1347 1080 1407 1119 ea,
1436 1076 1501 1108 107

39 1134 72 1160 15
92 1137 200 1177 quae
227 1123 332 1176 dico,
365 1125 489 1178 gesta
515 1136 607 1164 esse
634 1125 939 1177 memorantur,
972 1125 1038 1164 est
1064 1123 1158 1165 loco
1184 1125 1431 1178 perexcelso

91 1184 218 1235 atque
245 1181 371 1235 edito,
403 1196 486 1236 quo
512 1181 558 1222 in
584 1196 751 1223 summo
785 1184 851 1222 est
883 1184 1068 1236 aequata
1100 1182 1195 1237 agri
1226 1182 1431 1237 planities

91 1242 134 1282 et
166 1254 301 1294 aquae
332 1254 575 1294 peremnes,
609 1242 704 1282 tota
736 1254 836 1281 vero
870 1241 923 1281 ab
957 1241 1074 1281 omni
1107 1241 1226 1282 aditu
1258 1241 1432 1283 circum-

91 1299 179 1340 cisa
205 1301 334 1353 atque
361 1298 531 1340 derecta
560 1301 643 1352 est3
676 1313 804 1353 quam
837 1299 949 1340 circa
981 1299 1100 1340 lacus
1132 1299 1300 1354 lucique
1333 1302 1433 1341 sunt

90 1357 266 1411 plurimi
309 1360 437 1412 atque
480 1357 710 1399 laetissimi
752 1357 880 1399 flores
924 1357 1042 1398 omni
1084 1360 1279 1412 tempore
1321 1359 1433 1412 anni,

38 1427 72 1452 20
91 1416 211 1458 locus
254 1418 303 1457 ut
345 1416 438 1471 ipse
480 1419 654 1471 raptum
696 1416 822 1457 illum
865 1415 1064 1471 virginis,
1109 1431 1235 1470 quem
1279 1416 1365 1459 iam
1408 1432 1433 1458 a

91 1474 234 1529 pueris
274 1475 531 1528 accepimus,
570 1475 786 1516 declarare
824 1474 1031 1516 videatur.
1093 1474 1268 1516 Etenim
1298 1490 1434 1529 prope

92 1535 158 1574 est
183 1533 388 1586 spelunca
420 1533 630 1587 quaedam
662 1547 869 1574 conversa
901 1533 955 1574 ad
987 1533 1232 1587 aquilonem
1264 1534 1434 1575 infinita

92 1591 332 1645 altitudine,
359 1606 443 1645 qua
462 1591 610 1633 Ditem
630 1594 798 1646 patrem
818 1591 963 1632 ferunt
982 1594 1159 1645 repente
1185 1606 1281 1633 cum
1307 1606 1433 1633 curru

92 1649 285 1691 extitisse
315 1650 625 1703 abreptamque
658 1664 708 1690 ex
740 1663 789 1690 eo
822 1649 917 1690 loco
949 1649 1162 1704 virginem
1194 1664 1337 1691 secum
1371 1665 1434 1691 as-

39 1718 72 1744 25
90 1710 288 1762 portasse
326 1710 368 1749 et
407 1708 550 1749 subito
589 1722 676 1748 non
713 1707 842 1762 louge
875 1722 900 1748 a
932 1706 1154 1761 Syracusis
1185 1711 1434 1762 penetrasse

92 1766 170 1808 sub
197 1768 349 1819 terras,
380 1766 606 1820 lacumque
631 1766 677 1807 in
706 1779 754 1807 eo
787 1766 881 1807 loco
913 1768 1088 1821 repente
1121 1766 1328 1821 extitisse,
1359 1767 1434 1809 ubi

90 1839 225 1879 usque
270 1824 323 1866 ad
365 1825 446 1867 hoc
489 1828 660 1878 tempus
701 1822 960 1878 Syracusani
1001 1824 1138 1865 festos
1183 1824 1272 1866 dies
1317 1825 1434 1866 anni-

91 1883 304 1925 versarios
327 1886 462 1939 agunt
482 1883 759 1925 celeberrimo
779 1883 969 1924 virorum
996 1882 1309 1938 mulierumque
1335 1898 1434 1926 con-

91 1944 233 1984 ventu.
306 1941 491 1995 Propter
542 1941 669 1983 huius
720 1940 934 1996 opinionis
984 1944 1264 1995 vetustatem,
1321 1943 1433 1997 quod
1447 1941 1504 1983 49

39 2011 73 2037 3⁰
91 2000 246 2042 horum
284 2000 329 2042 in
366 2000 419 2042 iis
457 2000 563 2042 locis
602 2000 788 2055 vestigia
827 2014 875 2041 ac
912 2014 1046 2054 prope
1080 2001 1342 2042 incunabula
1372 2016 1434 2043 re-

90 2059 317 2114 periuntur
343 2059 532 2113 deorum,
564 2058 674 2100 mira
701 2058 910 2112 quaedam
935 2061 1031 2100 tota
1058 2056 1204 2100 Sicilia
1228 2059 1434 2113 privatim

92 2132 141 2160 ac
189 2117 360 2172 publice
410 2118 564 2173 religio
611 2119 677 2158 est
721 2116 888 2159 Cereris
931 2115 1187 2159 Hennensis.
1260 2117 1434 2160 Etenim

91 2176 230 2218 multa
256 2191 382 2231 saepe
407 2176 607 2232 prodigia
631 2176 719 2217 vim
747 2176 836 2217 eius
868 2190 1110 2230 numenque
1143 2176 1434 2232 declararunt3

91 2235 240 2276 multis
279 2249 406 2290 saepe
443 2235 489 2276 in
527 2234 794 2276 difficillimis
829 2234 956 2276 rebus
988 2249 1191 2289 praesens
1225 2235 1434 2277 auxilium

38 2303 72 2330 85
92 2293 181 2335 eius
221 2293 418 2336 oblatum
456 2296 539 2348 est,
580 2296 630 2335 ut
666 2293 771 2335 haec
808 2293 950 2334 insula
989 2293 1042 2334 ab
1081 2308 1131 2335 ea
1166 2308 1254 2335 non
1292 2294 1432 2335 solum

91 2351 233 2408 diligi,
276 2353 350 2394 sed
389 2353 520 2394 etiam
558 2352 689 2394 incoli
726 2352 1017 2406 custodirique
1049 2352 1257 2394 videatur.
1318 2352 1409 2395 Nec
1438 2360 1504 2393 108

90 2411 231 2453 solum
257 2409 402 2466 Siculi,
433 2426 583 2454 verum
610 2411 742 2453 etiam
768 2413 934 2453 ceterae
967 2413 1117 2467 gentes
1148 2411 1431 2466 nationesque
