1685 2574
175 538 230 579 34

151 1404 153 1407 ,
175 1380 217 1410 196

214 2148 216 2151 “
246 2139 291 2179 Τ.
318 2138 474 2180 Roscio
508 2137 708 2194 Capitoni
740 2139 926 2194 primum
954 2139 1199 2180 nuntiavit?
1251 2138 1357 2180 Cum
1384 2139 1579 2181 Ameriae
1668 2172 1671 2175 a

244 2196 336 2238 Sex,
357 2197 485 2239 Rosci
513 2198 675 2251 domus,
707 2212 813 2238 uxor
839 2197 1047 2252 liberique
1079 2200 1234 2251 essent,
1265 2212 1361 2239 cum
1393 2200 1459 2239 tot
1489 2212 1579 2252 pro·
1596 2206 1624 2232 35
1667 2208 1681 2237 ‘ts

246 109 301 149 62
475 107 567 156 13110
596 107 696 142 SEX.
724 94 893 141 Roscio
920 106 1140 141 AMERINO
1168 106 1311 141 omri

249 204 445 246 maleficii
467 203 742 258 suscipiendi3
769 217 876 256 quae
902 217 988 243 non
1013 202 1139 244 modo
1165 203 1321 244 idcirco
1348 206 1582 259 praetereo,

246 263 359 318 quod
391 265 433 304 te
465 263 607 317 ipsum
638 275 725 302 non
756 261 941 302 libenter
974 275 1143 313 accuso,
1181 276 1329 303 verum
1362 277 1410 304 eo
1444 263 1581 318 magis

246 322 390 376 etiam,
423 321 546 375 quod,
580 320 616 360 si
642 319 691 360 de
723 319 812 360 illis
845 319 1043 360 caedibus
1075 319 1205 360 velim
1238 335 1582 375 commemorare,

246 395 353 434 quae
391 383 483 421 tum
520 379 660 420 factae
698 380 797 419 sunt
834 377 919 418 ista
956 378 1104 419 eadem
1142 378 1326 432 ratione,
1368 394 1452 432 qua
1491 378 1578 422 Sex.

243 439 424 480 Roscius
457 437 620 479 occisus
652 439 733 491 est,
771 451 937 491 vereor,
968 451 1021 477 ne
1054 437 1107 478 ad
1138 437 1282 491 plures
1316 438 1455 479 oratio
1489 451 1616 480 mea5

244 498 458 552 pertinere
489 496 695 536 videatur.

333 555 566 596 Videamus
604 568 715 595 nunc
753 553 955 606 strictim,
993 554 1103 595 sicut
1141 556 1299 608 cetera,
1340 569 1446 608 quae
1484 558 1582 609 post

245 616 429 655 mortem
456 611 548 654 Sex,
575 613 705 654 Rosci
738 613 814 653 abs
846 615 901 666 te,
933 612 979 654 T.
1005 612 1146 666 Rosci,
1176 613 1294 654 facta
1325 616 1443 666 sunt3
1476 623 1582 667 quae

245 673 308 714 ita
328 674 477 726 aperta
500 674 543 713 et
569 671 799 712 manifesta
825 674 936 724 sunt,
961 673 1009 712 ut
1035 686 1102 712 me
1129 671 1221 712 dius
1248 671 1386 719 fidius,
1413 671 1582 727 iudices,

244 731 405 772 invitus
451 745 500 772 ea
544 730 693 771 dicam.
755 730 918 771 Vereor
962 730 1091 783 enim,
1136 730 1388 771 cuicuimodi
1432 745 1494 784 es,
1537 731 1632 773 T.10

244 789 391 843 Rosci,
434 803 487 830 ne
529 789 591 830 ita
627 789 739 830 hunc
777 789 923 830 videar
960 789 1147 830 voluisse
1186 803 1374 843 servare,
1418 792 1466 830 ut
1503 789 1583 831 tibi

245 849 418 890 omnino
462 862 548 890 non
591 847 865 902 pepercerim.
929 846 1035 888 Cum
1076 848 1158 889 1106
1194 862 1344 889 vereor
1381 850 1423 889 et
1461 848 1582 902 cupio

244 907 325 948 tibi
355 907 500 960 aliqua
533 921 582 947 ex
614 909 749 960 parte,
782 905 895 959 quod
927 906 1047 947 salva
1079 906 1160 946 fide
1193 906 1367 960 possim,
1398 921 1584 961 parcere,

244 979 391 1006 rursus
418 965 598 1005 immuto
626 965 895 1006 voluntatem
921 979 1078 1018 meam3
1110 965 1228 1005 venit
1260 965 1372 1005 enim
1404 965 1510 1006 mihi
1540 965 1584 1006 in

244 1027 432 1065 mentem
459 1024 545 1065 oris
576 1023 652 1064 tui.
708 1023 834 1077 Tene,
866 1037 960 1064 cum
994 1023 1124 1064 ceteri
1156 1023 1260 1064 socii
1291 1023 1354 1064 tui
1385 1023 1582 1079 fugerent
1601 1036 1630 1063 15

245 1097 293 1124 ac
337 1097 381 1123 se
427 1083 708 1135 occultarent,
752 1084 800 1122 ut
838 1081 918 1123 hoc
955 1082 1159 1123 iudicium
1195 1097 1282 1123 non
1323 1082 1372 1123 de
1409 1082 1583 1124 illorum
1608 1075 1620 1087 ⁸

244 1141 421 1195 praeda,
463 1141 535 1182 sed
576 1141 625 1182 dc
657 1141 782 1182 huius
815 1141 1025 1181 maleficio
1058 1140 1150 1181 ficri
1182 1141 1414 1195 videretur,
1453 1141 1583 1194 potis-

246 1201 401 1241 simum
445 1200 526 1241 tibi
570 1202 714 1253 partes
754 1200 861 1240 istas
902 1199 1219 1253 depoposcisse,
1262 1202 1310 1240 ut
1347 1200 1392 1240 in
1429 1200 1582 1242 iudicio

244 1273 462 1300 versarere
490 1262 532 1300 et
559 1258 726 1299 sederes
755 1273 849 1300 cum
876 1258 1154 1300 accusatore?
1201 1258 1293 1307 Qua
1324 1259 1368 1298 in
1400 1273 1444 1300 re
1475 1259 1582 1300 nihil

246 1318 362 1358 aliud
383 1317 639 1371 adsequeris,
665 1317 749 1357 nisi
768 1319 816 1357 ut
837 1317 890 1357 ab
912 1317 1109 1358 omnibus
1130 1317 1387 1358 mortalibus
1409 1317 1582 1359 audacia
1600 1329 1630 1356 20
1678 1344 1685 1355 =

1650 1380 1653 1404 ,
1683 1388 1685 1391 ,

245 1379 320 1417 tua
364 1378 649 1430 cognoscatur
693 1378 735 1417 et
777 1375 1054 1429 impudentia.
1116 1375 1265 1417 Occiso
1305 1374 1396 1417 Sex.
1429 1376 1581 1418 Rosci-o

245 1434 339 1489 quis
366 1435 531 1489 primus
552 1434 773 1475 Ameriam
799 1434 1000 1475 nuntiat?
1045 1433 1219 1475 Mallius
1242 1433 1432 1489 Glaucia,
1459 1450 1582 1489 quem

245 1493 331 1534 iam
370 1496 497 1534 antea
528 1493 765 1546 nominavi,
802 1495 901 1534 tuus
934 1493 1065 1534 cliens
1099 1496 1141 1534 et
1171 1493 1412 1534 familiaris.
1475 1493 1582 1542 Quid

245 1552 422 1593 attinuit
464 1566 560 1593 eum
598 1551 871 1606 potissimum
909 1551 1125 1606 nuntiare,
1170 1552 1298 1606 quod,
1343 1552 1378 1593 si
1416 1552 1581 1594 nullum

244 1611 329 1652 iam
358 1613 457 1652 ante
482 1611 708 1652 consilium
736 1611 784 1651 de
814 1613 951 1651 morte
985 1625 1032 1652 ac
1065 1611 1115 1651 de
1146 1610 1270 1652 bonis
1304 1611 1393 1652 eius
1426 1611 1580 1661 inieras
1597 1620 1639 1647 25Ἰ
1678 1623 1685 1647 3?

243 1670 493 1724 nullamque
538 1669 788 1711 societatem
832 1683 966 1722 neque
1010 1669 1183 1710 sceleris
1226 1684 1361 1723 neque
1404 1670 1582 1724 praemii

245 1743 339 1770 cum
369 1728 542 1769 homine
574 1729 663 1769 ullo
697 1728 871 1781 coieras,
904 1728 957 1768 ad
988 1730 1030 1768 te
1064 1728 1237 1768 minime
1271 1728 1461 1769 omnium
1492 1743 1581 1783 per-

244 1786 440 1827 tinebat?
460 1811 514 1816 —-
534 1785 620 1828 Sua
635 1789 787 1841 sponte
803 1786 978 1827 Mallius
993 1787 1174 1828 nuntiat.
1200 1811 1247 1815 ——
1273 1786 1394 1839 Quid,
1415 1802 1581 1842 quaes0,

245 1845 334 1886 eius
372 1845 606 1887 intererat?
669 1845 755 1897 An,
797 1860 892 1886 cum
930 1845 1151 1886 Ameriam
1187 1860 1274 1886 non
1310 1846 1485 1888 huiusce
1522 1845 1580 1887 rei

244 1918 373 1945 causa
423 1903 628 1958 venisset,
681 1918 783 1946 casu
833 1903 1002 1958 accidit,
1053 1907 1101 1944 ut
1149 1903 1209 1956 id,
1260 1904 1372 1958 quod
1421 1904 1580 1946 Romae
1597 1914 1626 1940 30
1672 1904 1684 1943 11

244 1962 455 2016 audierat,
493 1963 658 2017 primus
689 1962 937 2004 nuntiaret?
994 1961 1124 2004 Cuius
1156 1962 1218 2004 rei
1249 1977 1378 2005 causa
1410 1965 1580 2005 venerat
1615 1984 1617 1987 ·

243 2021 495 2062 Ameriam?
545 2021 661 2063 ‘Non
698 2021 901 2075 possum’,
932 2021 1086 2075 inquit,
1118 2020 1352 2063 ‘divinare'
1402 2022 1467 2064 Eo
1493 2036 1580 2063 rem
1636 2052 1639 2064 ‹

244 2080 331 2121 iam
353 2079 571 2134 adducam,
595 2083 643 2122 ut
663 2080 771 2121 nihil
793 2080 1054 2121 divinatione
1076 2095 1182 2134 opus
1204 2080 1272 2121 sit.
1306 2080 1398 2129 Qua
1418 2081 1579 2122 ratione

244 2255 393 2310 pinqui
437 2257 693 2312 cognatique
739 2257 900 2310 optime
938 2256 1255 2309 convenientes,
1300 2271 1381 2310 qua
1418 2257 1580 2298 ratione

244 2314 407 2354 factum
445 2318 528 2370 est,
569 2318 617 2356 ut
654 2315 736 2356 iste
773 2318 873 2356 tuus
906 2315 1055 2369 cliens,
1094 2314 1266 2356 sceleris
1301 2315 1365 2356 tui
1396 2315 1580 2368 nuntius,
1630 2311 1674 2353 ;'„
