1618 2584
486 59 587 94 CAP.
609 62 700 94 4——6
725 63 744 102 ς
772 63 918 94 13—21.
1291 58 1376 100 105

3 180 5 215 ς
39 157 144 200 tatis
189 155 300 210 apud
341 169 417 197 vos
459 155 505 196 in
548 170 624 197 suo
667 155 758 197 iure
801 154 1036 210 repetundo
1082 154 1184 196 socii
1226 155 1377 209 populi

4 215 238 268 'Romani,
283 214 495 268 supplices
540 214 689 268 vestri,
733 214 891 255 habere
929 213 1123 254 debeant.
1184 212 1248 254 De
1293 227 1376 267 quo

41 274 140 330 quid
171 287 250 326 ego
281 272 406 326 plura
437 274 796 315 commemorem?
830 273 951 327 quasi
978 286 1078 314 vero
1106 271 1281 313 dubium
1308 272 1379 326 sit,

42 333 141 388 quin
177 334 272 372 tota
312 331 380 372 lex
418 331 467 373 de
506 331 695 386 pecuniis
726 331 974 386 repetundis
1006 330 1219 373 sociorum
1250 345 1379 372 causa

41 390 275 434 constituta
296 390 364 431 sit.
411 389 523 431 Nam
543 390 705 432 civibus
726 405 821 432 cum
842 392 942 431 sunt
968 392 1138 444 ereptae
1164 389 1379 444 pecuniae,

41 449 156 493 civili
197 448 286 490 fere
331 449 497 490 actione
539 451 582 490 et
621 449 789 503 privato
833 449 924 490 iure
962 451 1232 504 repetuntur3
1274 448 1379 490 haec

39 509 106 551 lex
133 507 303 549 socialis
330 509 407 561 est,
438 507 520 549 hoc
545 507 611 549 ius
636 507 861 549 nationum
888 510 1129 549 exterarum
1162 509 1239 561 est,
1269 507 1381 549 hanc

39 567 200 610 habent
233 580 374 607 arcem
406 566 546 607 minus
580 566 802 620 aliquanto
834 581 944 608 nunc
975 567 1144 620 quidem
1170 566 1381 607 munitam

41 640 168 682 quam
207 627 352 678 antea,
390 639 538 666 verum
578 627 742 678 tamen,
781 625 817 666 si
856 640 940 679 qua
978 625 1143 679 reliqua
1175 639 1271 680 spes
1304 627 1381 679 est,

42 698 148 740 quae
181 683 392 725 sociorum
427 683 592 724 animos
625 683 839 724 consolari
869 684 1020 738 possit,
1052 698 1101 725 ea
1127 686 1220 725 tota
1238 684 1283 725 in
1302 684 1382 726 hac

39 743 134 799 lege
175 742 319 798 posita
357 744 440 796 est3
479 742 596 784 cuius
636 742 744 796 legis
776 757 862 783 non
894 742 1020 783 modo
1054 758 1078 783 a
1110 743 1269 798 populo
1300 743 1382 784 Ro-

39 816 184 854 mano,
222 801 296 842 sed
334 801 465 842 etiam
505 801 560 842 ab
600 800 765 842 ultimis
806 801 1054 842 nationibus
1100 802 1186 842 iam
1217 801 1381 856 pridem

40 860 177 904 severi
207 860 404 902 custodes
436 860 722 914 requiruntur.
779 858 881 908 Quis
914 874 1017 915 ergo
1047 862 1125 913 est,
1157 861 1230 915 qui
1253 863 1384 915 neget

41 921 238 975 oportere
272 933 418 961 eorum
452 919 666 960 arbitratu
698 919 793 974 lege
826 919 909 974 agi,
942 933 1122 973 quorum
1155 934 1283 961 causa
1316 920 1383 960 lex

41 979 98 1021 sit
136 977 399 1020 constituta?
471 976 615 1019 Sicilia
652 980 747 1019 tota
785 977 821 1019 si
858 992 944 1018 una
981 992 1082 1019 voce
1125 978 1384 1032 loqueretur,

39 1037 121 1080 hoc
153 1037 330 1078 diceret:
364 1035 500 1085 ‘Quod
533 1037 637 1092 auri,
669 1036 782 1090 quod
812 1036 992 1091 argenti,
1025 1036 1137 1091 quod
1164 1051 1385 1078 ornamen-

40 1099 184 1138 torum
216 1096 261 1136 in
298 1095 404 1137 meis
440 1095 638 1150 urbibus,
680 1095 869 1148 sedibus,
907 1095 1096 1136 delubris
1132 1095 1234 1148 fuit,
1272 1096 1385 1150 quod

39 1155 86 1197 in
115 1169 202 1196 una
234 1169 400 1209 quaque
432 1169 477 1195 re
509 1153 715 1197 beneficio
742 1157 915 1195 senatus
942 1154 1174 1208 populique
1201 1154 1385 1196 Romani

39 1214 144 1256 iuris
171 1213 315 1267 habui,
345 1213 389 1254 id
414 1213 520 1254 mihi
544 1216 604 1267 tu,
637 1212 679 1256 O.
705 1212 875 1267 Verres,
906 1212 1100 1267 eripuisti
1131 1215 1259 1268 atque
1292 1213 1386 1254 abs·

41 1272 200 1327 tulisti3
233 1287 316 1327 quo
347 1272 519 1314 nomine
551 1273 629 1314 abs
660 1275 703 1314 te
739 1272 986 1313 sestertium
1018 1272 1187 1313 miliens
1215 1272 1386 1328 exlege

41 1330 217 1387 repeto.⁹
280 1329 325 1372 Si
356 1331 572 1386 universa,
603 1333 651 1373 ut
683 1330 786 1385 dixi,
824 1331 1045 1385 provincia
1077 1331 1196 1385 loqui
1227 1334 1385 1385 posset,

41 1391 122 1433 hac
158 1404 262 1432 voce
299 1392 511 1444 uteretur3
555 1391 756 1444 quoniam
793 1389 837 1431 id
872 1404 958 1431 non
998 1392 1188 1444 poterat,
1230 1390 1385 1431 harum

4 1496 5 1500 Ἰ
41 1464 185 1491 rerum
215 1451 415 1499 actorem,
448 1463 574 1503 quem
599 1449 798 1490 idoneum
825 1463 916 1490 esse
944 1448 1156 1490 arbitrata
1182 1451 1259 1502 est,
1292 1448 1386 1503 ipsa

43 1508 214 1564 delegit.
280 1507 332 1549 In
376 1508 465 1548 eius
509 1508 625 1549 modi
668 1523 714 1549 re
758 1508 983 1562 quisquam
1026 1510 1117 1549 tam
1160 1507 1384 1562 impudens

42 1567 290 1622 reperietur,
322 1566 395 1621 qui
427 1566 480 1608 ad
512 1567 697 1608 alienam
729 1581 901 1608 causam
932 1566 1080 1607 invitis
1104 1566 1170 1619 iis,
1203 1581 1385 1621 quorum

5 1635 7 1638 '
41 1625 263 1682 negotium
295 1628 373 1679 est,
405 1625 601 1667 accedere
634 1628 710 1667 aut
741 1625 961 1680 adspirare
993 1625 1175 1667 audeat?
1214 1624 1259 1666 Si
1290 1625 1383 1680 tibi,

44 1683 90 1734 Q.
134 1683 309 1739 Caecili,
351 1684 434 1726 hoc
477 1682 609 1726 Siculi
658 1685 863 1726 dicerent:
915 1683 991 1725 eTe
1039 1699 1126 1725 non
1173 1684 1385 1737 novimus,

0 1741 3 1745 ’
43 1743 272 1797 nescimus,
311 1743 383 1797 qui
424 1743 500 1796 sis,
538 1758 772 1798 numquam
813 1746 855 1784 te
895 1746 1023 1784 antea
1054 1743 1255 1797 vidimus;
1295 1743 1385 1785 sine

0 1800 3 1842 Ξ
43 1817 120 1845 nos
158 1817 234 1857 per
271 1817 367 1843 eum
404 1805 576 1844 nostras
612 1802 808 1844 fortunas
851 1802 1092 1855 defendere,
1131 1802 1249 1843 cuius
1284 1802 1385 1843 fides

0 1859 4 1863 ’
47 1864 111 1903 est
139 1861 264 1903 nobis
291 1860 492 1916 cognita',
522 1875 664 1902 nonne
689 1862 733 1903 id
759 1861 958 1914 dicerent,
992 1861 1105 1915 quod
1131 1860 1264 1902 cuivis
1291 1875 1387 1915 pro-

0 1917 4 1922 “
34 1946 39 1970 :
57 1935 146 1962 care
178 1920 410 1961 deberent?
460 1919 585 1962 Nunc
615 1920 696 1962 hoc
726 1920 883 1974 dicunt,
914 1922 1144 1974 utrumque
1171 1934 1216 1961 se
1241 1934 1387 1974 nosse3

0 1977 4 1982 ’
34 1974 38 2007 ,¹
47 1979 228 2021 alterum
249 1993 293 2020 se
314 1993 467 2034 cupere
495 1978 759 2020 defensorem
787 1993 879 2020 esse
903 1978 1175 2020 fortunarum
1202 1993 1387 2032 suarum,

0 2037 11 2080 ζ
34 2038 229 2080 alterum
249 2038 377 2093 plane
396 2037 525 2079 nolle.
575 2036 661 2079 Cur
684 2037 838 2092 nolint,
871 2037 1041 2078 etiamsi
1067 2040 1249 2091 taceant,
1281 2038 1387 2078 satis

0 2092 4 2099 ¹
34 2096 208 2151 icunt3
250 2111 398 2138 verum
441 2111 527 2138 non
564 2098 726 2151 tacent,
768 2099 915 2137 tamen
950 2096 1004 2137 iis
1042 2095 1312 2137 invitissimis
1345 2099 1388 2137 te

0 2192 4 2202 ‚
35 2155 227 2197 offeres?
265 2158 412 2197 tamen
449 2155 494 2196 in
532 2155 669 2196 aliena
708 2170 837 2197 causa
879 2155 1082 2209 loquere?
1126 2157 1272 2196 tamen
1315 2169 1388 2197 eos

0 2213 3 2257 ξ
56 2214 256 2268 ·efendes,
289 2214 362 2269 qui
387 2229 432 2256 se
459 2215 512 2256 ab
540 2214 738 2256 omnibus
765 2214 956 2255 desertos
981 2214 1124 2269 potius
1151 2228 1279 2268 quam
1311 2214 1388 2255 abs

0 2272 14 2326 ζ,
69 2287 91 2315 e
134 2273 329 2315 defensos
374 2288 466 2315 esse
509 2274 706 2315 malunt?
756 2276 902 2315 tamen
944 2272 998 2314 iis
1043 2287 1217 2328 operam
1267 2276 1389 2314 tuam

1407 400 1449 430 18

1411 871 1454 902 19

1413 2050 1456 2081 21
