1618 2584
384 246 473 282 LIB.
500 247 551 282 IV
589 247 691 283 CAP.
721 251 861 282 43-45
887 250 906 289 ἓ
932 250 1081 282 94-99.
1318 246 1406 289 405

66 341 178 384 clare
214 340 378 384 factum
416 356 438 383 e
476 356 700 383 marmore.
763 341 812 383 Id
850 342 932 383 iste
965 355 1140 396 poscere
1172 341 1404 384 Assorinos

65 402 242 455 propter
287 400 551 456 singularem
596 400 684 442 eius
728 399 819 441 fani
859 400 1114 455 religionem
1152 415 1238 441 non
1276 415 1404 442 ausus

67 461 150 511 est3
188 458 438 513 Tlepolemo
477 458 551 500 dat
590 461 632 500 et
663 458 843 500 Hieroni
874 459 1109 514 negotium.
1172 457 1243 500 Illi
1274 462 1402 500 noctu

64 516 180 558 facta
206 532 336 559 manu
363 520 615 571 armataque
641 517 830 571 veniunt,
861 517 976 558 fores
1006 517 1123 559 aedis
1155 517 1408 572 effringunt3

30 587 46 613 5
66 576 271 617 aeditumi
302 576 584 630 custodesque
616 577 784 616 mature
816 577 1026 629 sentiunt,
1068 576 1257 631 signum,
1282 550 1408 630 quod

66 637 158 676 erat
182 637 335 676 notum
362 634 586 688 vicinitati,
617 633 772 675 bucina
802 634 945 688 datur3
977 634 1172 676 homines
1205 648 1255 675 ex
1288 634 1405 690 agris

65 695 340 746 concurrunt3
362 693 512 735 eicitur
532 693 793 748 fugaturque
814 692 1109 747 Tlepolemus,
1135 707 1272 747 neque
1293 693 1406 747 quic-

66 766 194 806 quam
239 766 289 793 ex
331 726 432 792 ’fano
472 750 663 805 Chrysae
706 754 879 805 praeter
921 766 1053 793 unum
1097 752 1404 806 perparvulum

66 810 238 866 signum
270 824 319 851 ex
352 824 449 851 aere
481 810 770 851 desideratum
802 812 879 851 est.

0 880 46 924 [ιο
152 868 306 910 Matris
348 867 533 924 Magnae
572 868 721 909 fanum
759 868 872 922 apud
909 868 1134 924 Enguinos
1173 871 1250 910 est.
1310 867 1404 910 Iam
1430 877 1472 908 97

65 927 179 968 enim
216 927 323 968 mihi
359 942 446 968 non
483 927 609 969 modo
648 927 836 968 breviter
868 927 918 969 de
949 942 1033 969 uno
1067 941 1236 982 quoque
1268 927 1406 969 dicen-

65 986 178 1041 dum,
210 986 284 1027 sed
316 985 447 1027 etiam
478 986 790 1040 praetereunda
821 985 1021 1027 videntur
1053 1000 1145 1027 esse
1177 986 1406 1040 permulta,

64 1048 113 1086 ut
138 1044 192 1086 ad
217 1045 382 1086 maiora
407 1045 533 1086 istius
560 1047 604 1086 et
629 1044 882 1086 inlustriora
912 1044 958 1086 in
988 1044 1070 1087 hoc
1103 1058 1257 1100 genere
1288 1044 1406 1086 furta

66 1106 108 1145 et
147 1104 309 1145 scelera
345 1103 579 1145 veniamus.
640 1102 690 1144 In
729 1103 810 1145 hoc
848 1104 948 1145 fano
984 1103 1139 1145 loricas
1173 1104 1405 1159 galeasque

13 1173 46 1199 15
66 1165 220 1204 ae‘neas
265 1162 453 1204 caelatas
492 1177 618 1217 opere
657 1161 882 1204 Corinthio
920 1162 1182 1217 hydriasque
1221 1162 1404 1217 grandes

66 1221 198 1262 simili
222 1220 268 1262 in
295 1235 448 1277 genere
475 1224 604 1275 atque
636 1221 783 1262 eadem
816 1224 908 1263 arte
939 1221 1154 1276 perfectas
1186 1220 1299 1262 idem
1331 1220 1405 1261 ille

66 1278 219 1334 Scipio,
245 1280 311 1321 vir
337 1280 535 1321 omnibus
561 1280 688 1321 rebus
719 1280 1170 1334 praecellentissimus,
1201 1281 1407 1334 posuerat

66 1341 108 1380 et
135 1352 258 1380 suum
289 1353 445 1380 nomen
476 1338 765 1392 inscripserat.
819 1337 928 1387 Quid
961 1338 1048 1380 iam
1082 1338 1131 1379 de
1162 1338 1248 1379 isto
1280 1338 1407 1393 plura

66 1397 204 1438 dicam
231 1399 306 1438 aut
332 1398 514 1451 querar?
565 1397 720 1438 Omnia
745 1397 835 1451 illa,
865 1397 1037 1451 iudices,
1070 1396 1265 1451 abstulit,
1295 1396 1406 1437 nihil

31 1456 110 1496 oin
147 1455 476 1511 religiosissimo
514 1456 614 1497 fano
652 1458 823 1510 praeter
860 1454 1047 1512 vestigia
1083 1455 1272 1497 violatae
1310 1454 1407 1496 reli-

67 1514 207 1569 gionis
232 1528 472 1568 nomenque
498 1513 544 1555 P.
564 1513 776 1568 Scipionis
803 1514 997 1568 reliquit3
1028 1514 1221 1556 hostium
1254 1513 1407 1568 spolia,

65 1575 344 1614 monumenta
392 1572 719 1626 imperatorum,
771 1572 924 1614 decora
973 1575 1103 1627 atque
1153 1575 1406 1614 ornamenta

64 1630 264 1672 fanorum
302 1631 484 1685 posthac
516 1631 584 1672 his
615 1631 850 1686 praeclaris
882 1631 1128 1673 nominibus
1161 1630 1329 1673 amissis
1362 1630 1407 1671 in

64 1690 351 1731 instrumento
395 1692 523 1744 atque
560 1690 605 1731 in
644 1690 911 1744 supellectile
950 1689 993 1732 C.
1026 1689 1175 1732 Verris
1213 1689 1406 1731 nomina-

20 1759 47 1785 25
65 1748 236 1790 buntur.
286 1747 351 1789 Tu
377 1748 576 1790 videlicet
607 1749 725 1790 solus
756 1748 872 1790 vasis
899 1747 1135 1791 Corinthiis
1169 1748 1406 1802 delectaris,
1432 1755 1475 1787 98

66 1809 114 1848 tu
151 1807 269 1848 illius
306 1807 417 1848 aeris
449 1807 826 1862 temperationem,
862 1810 911 1849 tu
943 1821 1120 1862 operum
1153 1807 1407 1848 liniamenta

66 1865 365 1907 sollertissime
407 1866 634 1920 perspicis3
677 1866 783 1908 haec
821 1864 963 1920 Scipio
1007 1866 1081 1907 ille
1119 1880 1206 1907 non
1243 1865 1407 1906 intelle-

67 1924 210 1980 gebat,
241 1924 370 1966 homo
398 1924 672 1966 doctissimus
700 1927 829 1979 atque
854 1924 1204 1978 humanissimus,
1236 1927 1284 1965 tu
1317 1924 1407 1965 sine

65 1983 156 2024 ulla
191 1983 306 2025 bona
344 1985 454 2037 arte,
499 1983 590 2025 sine
627 1983 916 2037 humanitate,
957 1984 1048 2025 sine
1085 1983 1277 2039 ingenio,
1317 1982 1407 2023 sine

27 2053 48 2078 Ιο
66 2041 238 2096 litteris,
268 2041 487 2097 intellegis
515 2044 558 2083 et
582 2041 762 2084 iudicas!
818 2041 938 2096 Vide,
970 2056 1023 2084 ne
1048 2042 1123 2083 ille
1147 2056 1236 2083 non
1267 2041 1406 2082 solum

65 2100 370 2155 temperantia,
415 2100 488 2142 sed
533 2101 663 2142 etiam
700 2101 1001 2156 intellegentia
1038 2103 1081 2142 te
1120 2103 1248 2155 atque
1286 2100 1407 2154 istos,

67 2159 139 2214 qui
165 2173 209 2200 se
236 2159 449 2215 elegantis
476 2159 559 2200 dici
583 2160 748 2213 volunt,
779 2159 942 2201 vicerit.
990 2158 1103 2201 Nam
1135 2159 1246 2213 quia,
1279 2173 1408 2213 quam

65 2217 246 2271 pulchra
290 2221 451 2272 essent,
494 2218 796 2273 intellegebat,
838 2218 996 2260 idcirco
1043 2218 1321 2259 existimabat
1359 2231 1409 2258 ea

65 2290 152 2318 non
184 2276 238 2318 ad
268 2276 492 2318 hominum
524 2277 754 2329 luxuriem,
786 2276 860 2318 sed
892 2277 945 2318 ad
977 2279 1177 2318 ornatum
1209 2276 1405 2317 fanorum

33 2345 48 2371 5
67 2337 195 2390 atque
216 2335 472 2390 oppidorum
493 2349 585 2377 esse
612 2336 757 2389 facta[‚
783 2338 832 2377 ut
857 2335 1042 2390 posteris
1067 2335 1228 2377 nostris
1259 2348 1406 2376 monu-

65 2397 211 2436 menta
242 2394 449 2450 religiosa
480 2408 572 2435 esse
604 2394 860 2446 videantur}

152 2452 313 2494 Audite
337 2453 470 2494 etiam
496 2453 762 2509 singularem
788 2453 891 2507 eius,
916 2452 1090 2507 iudices,
1115 2451 1406 2507 cupiditatem,
1420 2430 1476 2514 ἒξ
