1618 2584
355 243 441 278 LIB.
469 244 519 278 IV
564 244 664 278 CAP.
693 248 829 279 60—62
856 247 874 286 ἓ
903 248 1097 278 134-138.
1312 245 1396 285 421

64 353 244 393 quaium
264 338 346 380 iste
367 339 547 381 arb1t110
567 342 814 394 praeturam
833 353 909 394 per
934 339 1167 380 triennium
1195 345 1400 405 gesserat,

63 398 354 452 virorumque,
398 398 652 452 quibuscum
684 398 785 439 illae
816 400 975 452 nuptae
1009 400 1149 451 erant,
1190 397 1324 438 nimia
1355 399 1399 439 in

62 459 194 497 istum
243 470 330 497 non
373 457 499 498 modo
544 456 794 510 lenitudine,
845 456 917 497 sed
962 456 1092 497 etiam
1136 431 1399 497 liberalitate

65 528 354 570 oppugnarer,
397 515 433 556 si
475 515 575 569 quid
617 529 665 556 ex
702 515 860 556 litteris
900 513 1264 569 Syracusanorum
1302 529 1398 557 con·

28 573 288 627 aquirerem.
361 572 511 628 Itaque
555 571 776 627 Syracusis
821 588 916 615 cum
960 573 1123 615 civibus
1167 573 1374 615 Romanis
1403 580 1468 612 137

63 646 193 686 eram,
213 646 360 673 eorum
380 632 552 673 tabulas
573 632 860 686 exquirebam,
879 632 1057 673 iniurias
1076 632 1398 687 cognoscebam.

64 689 171 732 Cum
211 690 369 732 diutius
407 692 452 732 in
488 690 664 745 negotio
702 705 887 745 curaque
923 690 1107 744 fueram,
1151 693 1199 732 ut
1236 691 1400 745 requic-

63 763 224 791 scerem
245 764 473 804 curamque
495 749 626 790 animi
654 749 930 803 remitterem,
958 749 1011 790 ad
1033 748 1255 804 Carpinati
1280 764 1399 804 prae·

63 808 202 851 claras
228 808 401 849 tabulas
426 809 685 861 revertebar,
713 808 787 849 ubi
814 823 909 850 cum
940 808 1155 862 equitibus
1181 808 1400 861 Romanis,

13 880 44 906 ιο
63 866 309 908 hominibus
348 881 398 908 ex
429 866 506 908 illo
538 869 750 909 conventu
780 866 1116 921 honestissimis,
1153 866 1271 908 illius
1297 866 1400 908 Ver-

63 926 221 980 rucios,
265 925 315 966 de
354 925 508 980 quibus
548 928 646 967 ante
685 925 788 979 dixi,
833 925 1120 979 explicabam3
1160 940 1186 967 a
1223 924 1400 979 Syracu-

63 985 178 1026 sanis
222 998 398 1039 prorsus
440 984 549 1026 nihil
593 984 829 1027 adiumenti
870 999 1008 1039 neque
1051 984 1221 1037 publice
1264 998 1400 1038 neque

62 1043 266 1099 privatim
305 1043 582 1098 expectabam
619 1057 756 1097 neque
791 1046 884 1084 erat
914 1043 960 1084 in
991 1043 1134 1085 animo
1167 1043 1400 1097 postulare.

152 1100 259 1144 Cum
285 1102 390 1144 haec
415 1116 599 1157 agerem,
631 1104 806 1156 repente
832 1101 885 1143 ad
917 1116 984 1143 me
1018 1102 1135 1143 venit
1159 1101 1400 1155 Heraclius,

28 1160 98 1202 sis
144 1160 218 1215 qui
260 1163 353 1202 tum
397 1160 702 1216 magistratum
746 1159 967 1214 Syracusis
1011 1160 1219 1214 habebat,
1268 1160 1399 1202 homo

63 1220 235 1273 nobilis,
268 1219 340 1274 qui
367 1219 562 1261 sacerdos
589 1218 705 1261 Iovis
730 1218 895 1273 fuisset,
928 1219 1001 1273 qui
1026 1219 1163 1260 honos
1190 1221 1256 1260 est
1288 1218 1401 1273 apud

65 1277 355 1333 Syracusanos
383 1278 687 1332 amplissimus.
737 1278 844 1333 Agit
869 1292 1035 1319 mecum
1065 1280 1108 1318 et
1140 1292 1236 1319 cum
1265 1277 1401 1319 fratre

64 1352 171 1391 meo,
203 1339 263 1391 ut,
296 1337 331 1377 si
356 1337 481 1378 nobis
510 1337 738 1390 videretur,
771 1336 984 1377 adiremus
1018 1335 1071 1378 ad
1103 1350 1250 1377 eorum
1283 1350 1401 1377 sena-

63 1399 174 1449 tum,
193 1395 438 1450 frequentes
460 1409 551 1437 esse
571 1395 616 1436 in
636 1395 770 1449 curia,
797 1409 841 1436 se
861 1395 980 1436 iussu
1001 1397 1174 1436 senatus
1196 1409 1221 1436 a
1239 1394 1365 1435 nobis

29 1468 46 1494 o
64 1458 222 1510 petere,
246 1456 294 1496 ut
319 1454 573 1495 veniremus.
616 1453 762 1496 Primo
791 1454 915 1496 nobis
940 1453 1024 1495 fuit
1050 1453 1238 1507 dubium,
1266 1453 1366 1508 quid
1386 1431 1471 1514 ((15Ξέ

65 1527 307 1569 ageremus3
340 1513 488 1554 deinde
514 1513 599 1554 cito
626 1513 743 1553 venit
770 1512 814 1553 in
847 1515 1034 1553 mentem
1065 1526 1151 1554 non
1183 1526 1275 1553 esse
1307 1513 1366 1553 vi-

63 1572 243 1614 tandum
280 1571 404 1612 illum
441 1572 566 1613 nobis
605 1573 861 1613 conventum
900 1574 942 1613 et
979 1571 1139 1625 locum,
1175 1570 1321 1625 itaque
1356 1570 1471 1614 11162

65 1631 226 1673 curiam
269 1630 476 1672 venimus.
545 1629 792 1672 Honorifice
836 1644 937 1671 sane
982 1629 1274 1684 consurgitur3
1323 1643 1402 1671 nos

65 1692 227 1746 rogatu
262 1690 545 1745 magistratus
585 1689 838 1730 adsedimus.
899 1688 1056 1743 Incipit
1086 1688 1123 1729 is
1155 1688 1292 1742 loqui,
1331 1687 1404 1742 qui

31 1751 110 1790 5et
147 1748 405 1790 auctoritate
443 1750 486 1789 et
523 1750 666 1789 aetate
704 1750 763 1802 et,
800 1749 849 1788 ut
886 1747 993 1788 mihi
1030 1747 1169 1788 visum
1204 1749 1287 1800 est,
1324 1761 1404 1788 usu

66 1822 210 1849 rerum
242 1806 533 1859 antecedebat,
564 1806 778 1848 Diodorus
809 1805 1083 1860 Timarchidi,
1115 1805 1232 1847 cuius
1266 1805 1403 1846 omnis

67 1866 206 1909 oratio
232 1865 344 1907 hanc
369 1865 522 1906 habuit
546 1865 685 1920 primo
719 1865 994 1906 sententiam:
1026 1867 1224 1905 senatum
1256 1866 1299 1905 et
1330 1878 1406 1918 po-

66 1925 216 1980 pulum
248 1923 563 1978 Syracusanum
601 1924 782 1965 moleste
819 1923 1093 1979 graviterque
1124 1923 1254 1977 ferre,
1293 1922 1406 1977 quod

68 1998 166 2039 ego,
222 1998 318 2025 cum
372 1983 418 2024 in
473 1982 626 2024 ceteris
679 1981 849 2035 Siciliae
904 1982 1153 2024 civitatibus
1209 1984 1407 2023 senatum

27 2054 50 2080 :o
67 2042 360 2098 populumque
387 2041 638 2093 docuissem,
668 2041 769 2095 quid
795 2041 848 2081 iis
874 2040 1092 2093 utilitatis,
1125 2040 1226 2094 quid
1253 2039 1406 2081 salutis

69 2101 298 2154 adferrem,
355 2102 398 2141 et
450 2114 546 2141 cum
596 2100 650 2141 ab
702 2100 900 2141 omnibus
950 2100 1171 2152 mandata,
1226 2098 1408 2154 legatos,

68 2160 238 2201 litteras
259 2158 592 2212 testimoniaque
613 2159 905 2212 sumpsissem,
930 2157 976 2199 in
995 2158 1073 2199 illa
1099 2157 1273 2200 civitate
1298 2156 1408 2198 nihil

70 2218 159 2260 eius
197 2217 313 2259 modi
349 2217 547 2259 facerem.
610 2216 827 2271 Respondi
863 2231 1000 2271 neque
1032 2216 1195 2258 Romae
1232 2216 1277 2257 in
1311 2230 1410 2258 con-

69 2279 201 2319 ventu
256 2274 516 2330 Siculorum,
573 2290 669 2317 cum
726 2290 750 2317 a
804 2290 872 2317 me
932 2275 1137 2317 auxilium
1195 2273 1411 2317 communi

35 2346 51 2373 5
72 2335 262 2377 omnium
282 2335 551 2390 legationum
578 2334 757 2376 consilio
784 2334 1012 2387 petebatur
1038 2348 1249 2388 causaque
1275 2333 1410 2375 totius

70 2394 316 2449 provinciae
348 2393 402 2435 ad
433 2407 500 2434 me
533 2393 818 2447 deferebatur,
849 2393 1018 2448 legatos
1045 2391 1411 2447 Syracusanorum

71 2452 276 2507 adfuisse,
306 2466 444 2506 neque
475 2466 543 2493 me
574 2451 815 2506 postulare,
845 2454 895 2493 ut
927 2451 1155 2506 quicquam
1187 2453 1338 2493 contra
1367 2449 1412 2491 O.
