1618 2584
336 252 341 260 ,
398 217 485 253 LIB.
512 218 562 253 IV
606 217 707 252 CAP.
734 222 873 252 22-24
898 222 917 260 ἓ
943 221 1092 252 48—53.
1217 246 1219 248 .
1323 217 1409 258 385

77 312 292 355 hominem
322 327 409 354 non
441 312 579 354 solum
612 313 745 367 domi,
777 313 851 355 sed
881 315 976 355 tota
1007 311 1228 354 Sicilia·in
1258 313 1408 367 primis

75 371 282 425 nobilem,
319 371 462 413 vocari
495 372 633 415 iussit.
687 372 741 413 Ei
771 372 992 427 negotium
1025 371 1157 425 dedit,
1194 374 1259 424 ut,
1298 371 1409 424 quic-

76 429 177 484 quid
208 429 389 471 Halunti
427 432 539 471 esset
577 431 759 486 argenti
783 431 936 472 caelati
972 432 1046 471 aut
1077 430 1114 471 si
1146 429 1247 484 quid
1279 430 1409 470 etiam

76 488 407 541 Corinthiorum,
439 489 481 529 id
508 503 631 530 omne
658 490 806 530 statim
838 490 891 530 ad
923 503 1039 530 mare
1071 503 1120 530 ex
1154 488 1310 543 oppido
1344 487 1410 529 de-

40 559 56 585 5
76 550 331 601 portaretur.
379 547 584 589 Escendit
607 548 652 588 111
678 548 880 602 oppidum
901 547 1218 602 Archagathus.
1267 545 1409 588 Homo

75 606 251 659 nobilis,
301 606 373 659 qui
417 621 442 647 a
485 606 581 647 suis.
616 607 749 647 amari
794 609 836 647 et
880 607 1001 661 diligi
1047 607 1193 660 vellet,
1241 605 1410 647 ferebat

77 664 266 719 graviter
285 664 406 705 illam
434 664 517 706 sibi
542 665 595 706 ab
621 664 706 706 isto
732 665 996 718 provinciam
1022 665 1167 705 datam
1193 679 1282 718 nec,
1309 663 1410 718 quid

13 759 19 765 .
75 723 252 776 faceret,
300 723 507 777 habebat3
555 723 824 778 pronuntiat,
875 724 975 778 quid
1025 724 1108 764 sibi
1150 723 1410 778 imperatum

77 784 204 835 esset,
247 781 366 823 iubet
410 781 548 823 omnis
585 782 793 836 proferre,
838 782 951 836 quod
987 782 1234 823 haberent*
1268 780 1410 822 Metus

24 852 56 877 10
76 842 168 881 erat
194 854 403 893 summus3
433 840 524 895 ipse
551 841 663 881 enim
688 844 894 895 tyrannus
927 855 1013 882 non
1045 840 1288 882 discedebat
1319 840 1409 881 lon-

77 899 190 954 gius3
221 898 549 954 Archagathum
577 902 619 940 et
650 902 876 953 argentum
906 899 950 940 in
982 899 1132 941 lectica
1164 899 1323 940 cubans
1357 898 1411 939 ad

75 971 193 998 mare
223 957 346 998 infra*
367 957 571 1012 oppidum
603 959 867 1013 expectabat.
917 957 1051 1006 Quem
1082 972 1335 999 concursum
1366 957 1412 998 in
1437 964 1482 997 52

76 1015 233 1070 oppido
265 1016 426 1057 factum
458 1016 640 1071 putatis,
679 1031 804 1070 quem
837 1017 1085 1070 clamorem,
1125 1031 1250 1071 quem
1282 1029 1410 1069 porro

75 1074 223 1115 fletum
249 1075 505 1116 mulierum?
539 1076 611 1131 qui
635 1076 809 1129 videret,
842 1090 997 1130 equum
1022 1075 1255 1116 Troianum
1280 1075 1411 1115 intro-

23 1145 56 1170 15
77 1133 268 1187 ductum,
310 1134 461 1175 urbem
505 1136 675 1187 captam
719 1134 887 1176 diceret.
953 1134 1109 1176 Efferri
1147 1134 1237 1175 sine
1274 1133 1411 1174 thecis

76 1206 197 1245 vasa,
242 1192 486 1246 extorqueri
524 1193 609 1233 alia
647 1207 668 1233 e
707 1193 903 1234 manibus
942 1193 1187 1247 mulierum,
1231 1191 1412 1246 ecfringi

76 1251 311 1292 multorum
336 1251 468 1304 fores,
499 1251 650 1292 revelli
681 1252 879 1298 claustra.
931 1251 1040 1299 Quid
1072 1252 1185 1292 enim
1216 1250 1410 1306 putatis?

76 1307 204 1350 Scuta
243 1309 279 1350 si
317 1284 485 1364 quandb
522 1309 830 1364 conquiruntur
868 1325 893 1351 a
927 1310 1108 1364 privatis
1139 1310 1185 1351 in
1214 1310 1329 1351 bello
1363 1323 1412 1350 ac

75 1368 282 1422 tumultu,
314 1371 461 1409 tamen
491 1368 686 1409 homines
716 1368 843 1410 inviti
876 1368 995 1423 dant,
1029 1369 1123 1410 etsi
1142 1369 1195 1410 ad
1226 1369 1411 1410 salutem

22 1438 57 1463 20
76 1441 344 1468 communem
365 1427 457 1468 dari
476 1427 678 1481 sentiunt,
703 1442 756 1468 ne
777 1442 903 1481 quem
922 1402 1084 1481 putetis
1107 1428 1197 1468 sine
1224 1427 1411 1468 maximo

77 1485 222 1527 dolore
252 1488 478 1540 argentum
510 1486 721 1527 caelatum
754 1486 897 1540 domo,
930 1486 1042 1540 quod
1074 1487 1184 1527 alter
1215 1486 1411 1540 eliperet,

75 1544 319 1599 protulisse.
376 1543 530 1586 Omnia
569 1545 830 1586 deferuntun
882 1544 1114 1599 Cibyratae
1149 1545 1305 1586 fratres
1340 1559 1411 1585 vo-

76 1605 243 1656 cantur3
284 1617 420 1657 pauca
450 1603 700 1657 inprobant,
734 1618 841 1657 quae
872 1604 1125 1658 probarant,
1156 1603 1210 1644 iis
1242 1605 1410 1645 crustae

77 1664 152 1702 aut
183 1662 441 1703 emblemata
472 1661 819 1703 detrahebantur.
870 1662 938 1704 Sic
963 1662 1192 1703 Haluntini
1223 1662 1411 1704 excussis

23 1730 57 1756 25
78 1719 240 1761 deliciis
273 1735 368 1762 cum
401 1723 579 1775 argento
612 1736 718 1774 puro
751 1721 923 1762 domum
955 1724 1239 1763 revertuntur.

165 1778 286 1828 Quod
316 1794 535 1834 umquam,
570 1780 746 1833 iudices,
777 1780 951 1822 huiusce
983 1780 1098 1821 modi
1130 1780 1410 1822 everriculum
1425 1754 1507 1838 Ξιὲ

75 1837 166 1878 ulla
201 1837 246 1879 in
286 1838 506 1891 provincia
541 1838 650 1879 fuit?
706 1838 913 1880 Avertere
951 1839 1113 1893 aliquid
1150 1839 1200 1880 de
1237 1839 1409 1894 publico

77 1911 205 1950 quam
243 1897 544 1938 obscurissime
581 1912 656 1950 per
690 1897 994 1952 magistratum
1026 1897 1240 1952 solebant3
1280 1898 1411 1939 etiam

76 1969 172 1996 cum
210 1955 372 2009 aliquid
409 1970 434 1997 a
469 1956 639 2010 privato
677 1970 1016 2011 nonnumquam,
1054 1957 1218 1998 occulte
1251 1956 1429 1998 aufere-.

24 2023 58 2049 80
76 2013 199 2067 bant,
237 2016 280 2055 et
313 2014 344 2055 ii
374 2016 520 2056 tamen
551 2014 956 2056 condemnabantur.
1006 1990 1085 2069 ⁷1⁴]t,
1124 2015 1161 2056 si
1193 2015 1411 2070 quaeritis,

76 2075 124 2113 ut
160 2072 252 2127 ipse
291 2072 340 2128 de
378 2087 445 2130 1110
481 2073 721 2127 detraham,
758 2074 858 2115 illos
891 2088 970 2129 ego
1004 2076 1272 2116 accusatores
1305 2077 1410 2128 puto

75 2130 220 2185 fuisse,
252 2131 325 2185 qui
351 2131 440 2172 eius
467 2132 582 2173 modi
608 2132 828 2173 hominum
855 2132 972 2173 furta
998 2133 1126 2174 odore
1158 2135 1233 2174 aut
1265 2132 1409 2187 aliquo

77 2189 228 2231 leviter
281 2204 429 2244 presso
479 2190 662 2246 vestigio
714 2192 1091 2246 persequebantur.
1168 2190 1283 2232 Nam
1331 2205 1410 2233 nos

46 2248 247 2302 .quidem
292 2248 392 2303 quid
430 2248 610 2290 facimus
648 2249 693 2290 in
723 2249 876 2304 Verre,
920 2265 1044 2304 quem
1082 2250 1256 2291 in'luto
1294 2251 1411 2292 volu-

15 2316 58 2348 35
76 2308 215 2349 tatum
235 2308 369 2349 totius
390 2308 580 2362 corpmis
600 2308 795 2364 vestigiis
816 2309 1084 2352 invenimus?
1121 2309 1410 2364 Permagnam

77 2366 210 2407 estin
236 2380 331 2407 eum
359 2366 495 2408 dicere
525 2367 702 2421 aliquid,
730 2367 802 2422 qui
833 2369 1095 2421 praeteriens
1128 2346 1303 2409 lectica0
1310 2383 1409 2423 pau-

75 2422 209 2478 lisper
251 2425 445 2486 deposita
487 2440 575 2467 non
611 2440 686 2479 per
723 2426 999 2482 praestigias,
1044 2426 1118 2468 sed
1153 2427 1298 2481 palam
1334 2441 1412 2481 per

148 2498 280 2524 010.11.
314 2501 337 2525 1
1084 2498 1127 2529 25
