1675 2574
462 93 562 127 CAP.
590 97 728 128 27—29
755 97 772 134 ς
799 97 936 128 85—89
1324 94 1378 135 29

37 189 104 232 die
144 202 197 230 ne
240 187 402 229 Romae
448 188 619 242 quidem
663 204 759 230 eum
802 188 952 241 suisse3
996 188 1040 229 id
1081 188 1266 229 testibus
1312 203 1378 230 me

38 246 256 304 pollicitus
289 260 384 287 sum
415 247 591 300 planum
616 246 843 301 facturum,
875 247 947 300 qui
973 248 1016 287 et
1042 246 1148 288 scire
1175 246 1379 288 deberent

39 308 82 348 et
112 319 296 358 causam,
328 319 402 346 cur
434 305 729 359 mentirentur,
760 320 848 347 non
878 305 1098 347 haberent.
1147 303 1212 345 Ex
1240 305 1377 347 edicto

38 367 178 406 autem
210 377 296 404 non
328 363 519 417 potuisse
552 364 666 405 bona
691 339 902 418 possideri
929 363 1232 417 demonstravi,
1266 363 1379 418 quod

37 435 171 476 neque
208 421 435 462 fraudandi
473 436 600 463 causa
639 422 857 463 latitasset
893 436 1030 477 neque
1068 422 1208 463 exsilii
1251 436 1379 464 causa

37 480 176 522 solum
201 480 382 521 vertisse
408 480 630 522 diceretur.
680 481 909 535 Reliquum
942 483 1018 535 est,
1050 483 1098 528 ut
1129 495 1226 522 eum
1251 495 1377 523 nemo

35 538 189 580 iudicio
217 537 463 579 defenderit.
514 537 636 586 Quod
662 542 810 580 contra
837 539 1130 594 copiosissime
1157 539 1379 581 defensum

37 611 128 639 esse
165 596 365 638 contendi
395 611 482 638 non
513 597 567 637 ab
599 597 772 638 homine
804 598 944 639 alieno
975 612 1114 652 neque
1146 598 1199 639 ab
1233 598 1378 652 aliquo

36 654 345 698 calumniatore
383 658 511 709 atque
542 655 760 721 1111111·,0110
803 656 875 696 sed
909 657 962 697 ab
996 657 1139 710 equite
1171 656 1379 711 Romano,

35 713 273 769 propinquo
306 728 355 755 ac
385 713 627 755 necessario
661 728 749 768 3110,
782 728 909 768 (1110111
940 714 1032 769 ipse
1064 714 1156 756 Sex.
1188 714 1378 758 Naevius

34 774 355 838 procuratorem
386 772 626 826 relinquere
653 774 779 813 antea
805 775 1070 825 consuesset3
1100 787 1237 828 neque
1270 789 1379 826 eum,

36 830 72 873 si
96 828 293 872 tribunos
321 831 564 885 appellarit,
597 830 753 872 idcirco
780 831 921 872 minus
947 806 1102 873 iudicio
1135 832 1227 886 pati
1258 847 1380 887 para-

34 891 125 931 tum
170 888 319 942 fuisse,
362 903 499 943 neque
535 889 730 943 potentia
771 890 1063 943 procuratoris
1101 889 1267 932 Naevio
1313 892 1379 932 ius

36 949 245 1002 ereptum3
278 951 429 989 contra
453 948 586 988 istum
610 948 807 1002 potentia
833 962 910 989 sua
935 951 1028 989 tum
1054 951 1224 990 tantum
1250 949 1377 991 modo

36 1007 299 1061 superiorem
318 1005 463 1057 fuisse,
486 1020 599 1048 nunc
618 1007 743 1047 nobis
765 1006 833 1048 vix
853 1007 1095 1061 respirandi
1116 1010 1378 1062 potestatem

35 1065 145 1107 dare.
219 1063 438 1119 Quaesivi,
489 1079 597 1119 quae
641 1079 770 1107 causa
806 1065 978 1118 fuisset,
1022 1080 1095 1107 cur
1138 1065 1253 1107 bona
1292 1081 1378 1108 11011

33 1123 266 1177 venissent,
301 1138 398 1165 cum
429 1138 479 1165 ex
511 1124 648 1165 edicto
680 1123 1012 1178 possiderentur.
1074 1123 1238 1165 Deinde
1271 1124 1379 1165 illud

35 1196 201 1237 quoque
226 1182 442 1237 requisivi,
473 1197 557 1236 qua
581 1183 748 1223 ratione
774 1197 824 1223 ex
849 1185 917 1224 tot
943 1182 1226 1224 creditoribus
1252 1197 1378 1224 nemo

33 1255 168 1295 neque
211 1244 305 1282 tum
347 1240 460 1282 idem
506 1240 656 1282 fecerit
703 1255 840 1296 neque
889 1256 1002 1283 nunc
1052 1243 1203 1283 contra
1252 1241 1379 1295 dicat,

35 1314 266 1354 amesque
302 1314 380 1354 pro
417 1299 462 1341 P.
501 1298 699 1348 Quinctio
736 1302 947 1355 pugnent,
985 1300 1241 1354 praesertim
1282 1315 1379 1342 cum

33 1358 78 1400 in
108 1358 188 1400 tali
219 1358 374 1400 iudicio
407 1358 658 1400 testimonia
689 1359 948 1400 creditorum
987 1358 1288 1400 existimentur
1325 1359 1378 1400 ad

34 1431 124 1458 rem
161 1417 345 1458 maxime
383 1417 609 1471 pertinere.
670 1416 829 1458 Postea
866 1431 960 1458 sum
998 1431 1101 1458 usus
1143 1417 1379 1459 adversarii

33 1475 301 1529 testimonio,
340 1476 413 1529 qui
445 1476 528 1516 sibi
560 1490 656 1516 eum
686 1490 823 1530 nuper
854 1475 987 1516 edidit
1019 1476 1199 1529 socium,
1240 1490 1379 1530 (1110111,

35 1548 117 1589 (1110
138 1534 265 1575 1110ἀο
284 1548 396 1575 1111110
416 1534 613 1587 intendit,
638 1548 691 1575 ne
711 1535 756 1575 in
780 1534 976 1575 vivorum
1002 1534 1174 1588 quidem
1198 1548 1377 1576 numero

34 1595 125 1634 tum
163 1593 432 1634 demonstrat
466 1593 610 1634 fuisse.
673 1592 782 1633 Tum
819 1593 942 1634 illam
979 1592 1276 1634 incredibilem
1317 1607 1379 1634 ce-

52 1652 249 1693 eritatem
300 1666 373 1692 seu
422 1652 566 1706 potius
618 1651 839 1692 audaciam
891 1651 1072 1706 protuli3
1127 1651 1379 1693 confirmavi

64 1725 203 1752 ecesse
230 1725 321 1751 esse
348 1713 423 1751 aut
449 1710 577 1751 biduo
604 1721 695 1751 DCC
722 1710 843 1751 milia
861 1724 1068 1764 passuum
1088 1724 1181 1751 esse
1202 1709 1380 1752 decursa

62 1772 109 1810 ut
146 1767 239 1810 Sex.
276 1768 490 1810 Naevium
528 1768 677 1810 diebus
717 1769 1012 1823 compluribus
1051 1771 1151 1810 ante
1195 1768 1241 1810 in
1283 1783 1379 1824 pos-

57 1827 268 1870 essionem
287 1827 469 1881 misisse,
495 1842 625 1882 quam
651 1828 904 1882 postularet,
930 1827 994 1869 uti
1021 1827 1059 1868 ei
1084 1827 1234 1869 liceret
1264 1827 1380 1869 bona

64 1886 262 1928 ossidere.
292 1885 451 1927 Postea
464 1886 641 1927 recitavi
656 1886 852 1939 edictum,
868 1885 980 1940 quod
998 1888 1144 1940 aperte
1160 1885 1379 1927 dominum

63 1959 86 1987 e
115 1945 290 2000 praedio
323 1945 491 1986 detrudi
522 1948 708 1999 vetaret3
746 1945 791 1985 in
822 1959 906 1999 quo
938 1945 1136 1986 constitit
1167 1944 1380 1986 Naevium

59 2018 86 2045 Χ
116 2003 253 2045 edicto
284 2018 372 2045 non
402 2003 656 2058 possedisse,
688 2018 784 2045 cum
816 2003 1092 2045 confiteretur
1124 2017 1175 2044 ex
1203 2003 1379 2058 praedio

65 2062 74 2070 '
119 2062 338 2104 detrusum
383 2076 474 2103 esse
519 2060 777 2110 Quinctium.
844 2061 1028 2103 Omnino
1071 2064 1216 2103 autem
1267 2062 1381 2103 bona

65 2135 233 2162 ossessa
263 2135 350 2162 non
382 2135 474 2162 esse
507 2120 730 2174 constitui,
773 2120 886 2175 quod
916 2121 1129 2162 bonorum
1162 2121 1379 2174 possessio

58 2182 252 2234 pectetur
281 2194 368 2221 non
399 2181 445 2221 in
477 2180 622 2234 aliqua
653 2182 795 2234 parte,
828 2179 902 2221 sed
933 2179 978 2220 in
1009 2179 1238 2233 universis,
1271 2194 1380 2234 quae

57 2239 171 2279 eneri
196 2240 240 2279 et
263 2238 476 2293 possideri
501 2239 681 2293 possint.
730 2238 831 2279 Dixi
857 2238 1031 2280 domum
1050 2237 1215 2280 Romae
1234 2237 1379 2293 fuisse,

64 2310 118 2338 uo
148 2297 231 2338 iste
261 2311 314 2338 ne
347 2297 579 2354 adspirarit
618 2297 806 2352 quidem,
845 2311 992 2339 servos
1030 2297 1290 2353 complures,
1329 2312 1378 2339 ex

1404 489 1448 521 87

1392 1040 1449 1122 Ξὲ

1405 1899 1449 1930 89
