1618 2584
402 239 491 274 ΜΒ.
512 239 544 273 V
589 239 689 274 CAP.
718 243 855 275 14-16
880 243 899 282 ς
926 243 1075 274 35-41,
1320 240 1407 281 443

67 335 149 378 lari
203 335 417 390 sapientia
467 338 595 390 atque
645 336 896 392 integritate
946 335 1118 377 difficile
1168 338 1298 389 esset,
1355 336 1407 378 ad

69 409 280 436 summam
301 395 536 436 stultitiam
556 394 878 449 nequitiamque
904 394 1099 435 venisse?
1143 393 1296 448 Itaque
1322 409 1408 436 non

68 453 194 495 modo
233 468 258 494 a
290 453 417 495 domo
456 456 532 495 tua
565 452 843 495 Chelidonem
874 453 919 494 in
950 456 1154 507 praetura
1185 453 1407 495 excludere

66 512 263 563 noluisti,
302 512 375 553 sed
413 512 457 553 in
489 511 736 554 Chelidonis
776 511 948 553 domum
987 514 1235 566 praeturam
1267 514 1408 553 totam

32 588 49 614 5
69 570 274 612 detulisti.
326 570 481 612 Secuta
506 570 726 624 provincia
752 572 835 624 est3
866 571 911 611 in
944 585 1027 624 qua
1058 585 1294 625 numquam
1326 570 1408 611 tibi

67 629 185 670 venit
210 629 255 670 in
281 632 469 671 mentem
494 644 581 671 non
612 629 693 670 tibi
725 628 881 671 idcirco
912 629 1052 670 fasces
1085 644 1133 671 ac
1166 644 1333 671 secures
1366 632 1409 670 et

66 690 235 729 tantam
254 689 425 743 imperii
445 688 532 729 vim
558 690 811 742 tantamque
837 691 1189 729 ornamentorum
1217 688 1407 730 omnium

67 747 324 802 dignitatem
363 748 528 801 datam,
566 749 614 787 ut
645 761 791 787 earum
825 761 968 787 rerum
1000 747 1042 787 vi
1075 749 1118 787 et
1149 747 1408 788 auctoritate

67 806 212 847 omnia
261 806 471 860 repagula
520 805 696 860 pudoris
745 805 959 859 officiique
1003 805 1311 860 perfringeres,
1361 809 1410 847 ut

33 864 258 907 nomnium
297 864 410 905 bona
448 864 652 918 praedam
684 866 804 905 tuam
838 864 1029 917 duceres,
1066 866 1116 905 ut
1146 864 1307 905 nullius
1340 879 1408 906 res

66 926 175 976 tuta,
199 923 361 964 nullius
389 923 540 964 domus
568 923 726 976 clausa,
752 923 914 963 nullius
941 922 1032 963 vita
1059 925 1220 977 saepta,
1247 923 1409 965 nullius

65 982 273 1037 pudicitia
294 982 461 1023 munita
486 984 637 1023 contra
661 984 783 1022 tuam
810 982 1090 1036 cupiditatem
1117 984 1160 1023 et
1186 982 1408 1024 audaciam

65 1045 214 1096 posset
252 1054 363 1095 esse3
399 1041 444 1082 in
483 1055 567 1094 qua
604 1043 652 1082 tu
689 1043 733 1081 te
771 1040 833 1082 ita
872 1040 1065 1095 gessisti,
1102 1042 1168 1094 ut,
1210 1041 1408 1083 omnibus

66 1114 163 1141 cum
195 1102 366 1141 teneare
399 1100 539 1153 rebus,
572 1099 625 1140 ad
656 1100 818 1140 bellum
849 1098 1134 1155 fugitivorum
1167 1100 1410 1154 confugias3

32 1173 118 1201 sex
156 1173 239 1213 quo
277 1158 364 1200 iam
402 1158 620 1213 intellegis
659 1173 745 1199 non
783 1158 910 1199 modo
948 1158 1113 1199 nullam
1151 1158 1233 1199 tibi
1269 1159 1408 1200 defen-

68 1217 250 1271 sionem,
294 1217 367 1259 sed
409 1217 640 1258 maximam
679 1217 766 1258 vim
805 1217 1030 1258 criminum
1069 1220 1281 1272 exortam3
1325 1218 1410 1259 nisi

65 1276 179 1317 forte
218 1276 359 1318 Italici
402 1275 688 1331 fugitivorum
732 1276 837 1316 belli
880 1276 1084 1330 reliquias
1130 1278 1258 1329 atque
1301 1276 1410 1317 illud

67 1335 356 1389 Tempsanum
400 1334 718 1376 incommodum
763 1333 974 1389 proferes,
1019 1334 1073 1375 ad
1111 1335 1225 1389 quod
1262 1349 1409 1377 recens

67 1409 163 1436 cum
201 1396 244 1435 te
282 1396 571 1449 Peroportune
603 1393 779 1434 fortuna
811 1393 1049 1447 attulisset,
1088 1393 1124 1434 si
1157 1393 1258 1447 quid
1290 1394 1335 1435 in
1366 1396 1409 1435 te

66 1453 241 1494 virtutis
284 1455 358 1493 aut
394 1452 630 1493 industriae
668 1452 912 1508 habuisses,
955 1452 1086 1506 idem,
1130 1453 1204 1507 qui
1242 1467 1410 1507 semper

66 1512 228 1565 fueras,
259 1512 459 1552 inventus
492 1525 549 1552 es.

157 1569 264 1612 Cum
309 1570 362 1612 ad
399 1573 443 1611 te
475 1569 699 1611 Valentini
735 1570 954 1611 venissent
992 1572 1035 1611 et
1071 1584 1149 1624 pro
1188 1569 1241 1611 iis
1279 1570 1409 1612 homo
1436 1601 1480 1632 40

68 1629 253 1671 disertus
281 1644 329 1671 ac
354 1629 526 1683 nobilis,
552 1628 607 1670 M.
627 1628 802 1682 Marius,
827 1629 1088 1682 loqueretur,
1113 1631 1162 1670 ut
1187 1629 1411 1684 negotium

70 1689 323 1744 susciperes,
367 1690 433 1742 ut,
477 1703 572 1730 cum
611 1702 739 1742 penes
777 1690 820 1728 te
857 1687 1122 1742 praetorium
1164 1688 1411 1742 [imperium

70 1750 135 1800 ac]
179 1762 337 1789 nomen
381 1749 511 1800 esset,
556 1746 610 1788 ad
653 1747 776 1788 illam
819 1761 997 1801 parvam
1042 1762 1217 1788 manum
1256 1747 1411 1788 exstin-

70 1806 283 1862 guendam
309 1806 458 1848 ducem
483 1809 525 1847 te
551 1805 873 1860 principemque
899 1805 1141 1860 praeberes,
1171 1820 1259 1847 non
1283 1806 1410 1847 modo

68 1866 112 1906 id
137 1865 350 1920 refugisti,
383 1865 457 1906 sed
482 1879 531 1906 eo
563 1865 658 1919 ipso
691 1867 886 1919 tempore
919 1879 1015 1905 cum
1048 1878 1162 1905 esses
1195 1864 1240 1905 in
1271 1864 1412 1918 litore,

69 1924 216 1966 Tertia
251 1924 330 1965 illa
366 1926 459 1978 tua,
498 1938 626 1978 quam
664 1926 712 1965 tu
750 1926 891 1965 tecum
931 1923 1202 1977 deportaras,
1241 1926 1333 1964 erat
1367 1923 1411 1964 in

71 1983 260 2025 omnium
287 1985 535 2037 conspectu3
566 1982 672 2036 ipsis
706 1985 850 2023 autem
869 1981 1113 2024 Valentinis
1146 1997 1196 2023 ex
1228 1984 1319 2023 tam
1350 1982 1411 2023 in-

36 2042 198 2084 olustri
232 2042 452 2096 nobilique
484 2041 715 2095 municipio
747 2041 882 2082 tantis
916 2041 965 2082 de
998 2041 1124 2082 rebus
1157 2055 1411 2095 responsum

71 2101 245 2154 dedisti,
283 2115 378 2142 cum
417 2114 532 2142 esses
567 2115 664 2142 cum
695 2100 841 2141 tunica
872 2100 993 2154 pulla
1025 2102 1068 2141 et
1100 2100 1245 2154 pallio.
1302 2099 1410 2148 Quid

69 2160 183 2202 hunc
208 2160 561 2214 pioficiscentem,
581 2158 732 2225 ‘quid
721 2174 765 2200 111
790 2159 885 2213 ipsa
903 2158 1132 2225 provincia
1160 2158 1313 2200 fecisse
1346 2172 1412 2199 ex-

69 2219 295 2273 istimatis,
334 2218 406 2273 qui
445 2233 540 2260 cum
577 2218 664 2259 iam
703 2232 753 2259 ex
790 2218 1011 2272 provincia
1046 2232 1134 2259 non
1172 2217 1225 2258 ad
1263 2217 1412 2258 tiium-

69 2278 222 2333 phum,
266 2277 340 2319 sed
378 2277 432 2319 ad
467 2277 670 2318 iudicium
710 2277 948 2331 decederet,
991 2291 1043 2318 ne
1080 2276 1202 2317 illam
1241 2276 1412 2330 quidem

37 2352 52 2378 5
70 2337 295 2379 infamiam
320 2336 495 2392 fugerit,
528 2350 656 2390 quam
684 2336 774 2377 sine
806 2335 898 2377 ulla
928 2336 1152 2390 voluptate
1185 2334 1411 2389 capiebat?

71 2395 106 2438 Ο
139 2395 284 2437 divina
318 2399 492 2437 senatus
524 2394 762 2449 frequentis
794 2395 838 2435 in
871 2395 973 2436 aede
1005 2394 1211 2435 Bellonae
1245 2393 1411 2435 admur-

70 2454 276 2498 muratio!
338 2454 547 2497 Memoria
589 2453 764 2508 tenetis,
806 2453 984 2507 iudices,
1029 2468 1124 2495 cum
1163 2452 1411 2506 advespera-

1434 579 1477 610 39

1426 1549 1480 1590 16

1438 2401 1476 2432 41
