1618 2584
495 43 595 79 CAP.
626 50 661 88 1,
688 49 707 79 2
735 48 753 87 ξ
782 48 879 79 1-5.
1271 45 1354 86 123

15 140 328 197 praedicatione
377 140 640 187 absolutus„
683 139 795 182 Huic
840 154 918 195 ego
964 154 1134 194 causae,
1182 141 1353 194 iudices,

15 215 110 242 cum
136 213 302 240 summa
334 199 558 240 voluntate
591 203 634 240 et
666 200 959 252 expectatione
995 199 1143 253 populi
1170 199 1354 240 Romani

15 261 133 300 actor
170 257 347 311 accessi,
384 271 469 298 non
509 260 556 297 ut
592 271 793 312 augerem
824 257 1029 298 invidiam
1063 257 1242 312 ordinis,
1282 258 1353 298 sed

16 319 63 358 ut
92 315 295 356 infamiae
328 316 542 357 communi
575 330 875 357 succurrerem.
933 316 1102 357 Adduxi
1135 316 1248 357 enim
1280 316 1353 357 ho-

16 374 183 427 minem,
214 373 258 414 in
286 388 369 427 quo
395 374 671 416 reconciliare
704 374 1067 416 existimationem
1098 374 1353 416 iudiciorum

15 433 229 486 amissam,
256 432 392 473 redire
418 433 461 472 in
490 433 675 487 gratiam
702 447 797 473 cum
823 433 981 486 populo
1007 433 1216 487 Romano,
1246 434 1352 474 satis

13 491 151 533 facere
166 491 320 531 exteris
335 491 583 532 nationibus
603 491 800 544 possetis,
821 491 1165 545 depeculatorem
1188 492 1354 545 aerarii,

14 552 259 591 vexatorem
291 549 421 590 Asiae
460 552 589 603 atque
621 548 919 603 Pamphyliae,
957 550 1215 603 praedonem
1247 551 1352 591 iuris

13 608 177 661 urbani,
203 607 346 648 labem
373 610 502 661 atque
528 607 760 661 perniciem
785 608 1029 661 provinciae
1057 607 1239 650 Siciliae.
1289 609 1352 650 De
1380 619 1399 648 3

15 681 96 722 quo
124 666 160 707 si
184 680 261 707 vos
291 680 436 707 severe
469 680 516 707 ac
548 666 751 721 religiose
782 666 1085 720 iudicaveritis,
1119 667 1353 709 auctoritas

15 740 73 779 ea,
107 739 213 779 quae
239 725 284 765 in
309 725 432 766 vobis
463 739 683 765 remanere
716 724 854 777 debet,
886 724 1097 778 haerebit3
1131 726 1195 766 sin
1227 727 1352 767 istius

13 784 209 839 ingentes
248 783 422 824 divitiae
460 783 712 824 iudiciorum
749 782 1002 838 religionem
1041 784 1353 838 veritatemque

13 842 316 898 perfregerint,
361 856 440 897 ego
485 842 565 883 hoc
610 844 756 882 tamen
800 856 1021 895 assequar,
1064 844 1113 883 ut
1151 843 1354 884 iudicium

14 901 156 956 potius
183 901 245 941 rei
270 900 468 955 publicae
496 915 624 954 quam
651 902 725 941 aut
751 914 848 941 reus
880 900 1092 942 iudicibus
1127 904 1201 942 aut
1236 916 1354 943 accu-

16 962 134 1001 sator
164 973 237 1000 reo
271 959 455 1000 defuisse
486 959 692 1000 videatur.

101 1017 322 1072 Equidem,
355 1020 403 1058 ut
430 1018 479 1058 de
506 1032 573 1058 me
607 1018 825 1071 confitear,
857 1017 1029 1071 iudices,
1063 1032 1159 1059 cum
1192 1019 1354 1060 multae
1382 1019 1407 1059 2

15 1077 119 1119 milii
158 1091 182 1117 a
220 1075 263 1117 C.
296 1075 431 1117 Verre
473 1076 652 1117 insidiae
694 1079 808 1117 terra
846 1076 1039 1130 marique
1077 1076 1217 1118 factae
1256 1077 1354 1130 sint,

16 1149 120 1190 quas
164 1135 324 1190 partim
368 1150 463 1176 mea
501 1135 725 1190 diligentia
764 1135 1008 1188 devitarim,
1052 1135 1212 1189 partim
1253 1136 1355 1176 ami-

15 1209 160 1236 corum
193 1194 334 1235 studio
368 1193 592 1247 officioque
624 1193 904 1247 reppulerim,
941 1208 1175 1247 numquam
1209 1197 1355 1235 tamen

15 1267 148 1307 neque
181 1255 351 1294 tantum
383 1253 621 1306 perieulum
653 1252 758 1292 mihi
793 1252 908 1293 adire
940 1253 1058 1293 visus
1092 1267 1186 1293 sum
1217 1267 1354 1306 neque

16 1314 137 1353 tanto
165 1326 292 1365 opere
318 1311 531 1365 pertimui,
563 1313 611 1351 ut
635 1325 747 1352 nunc
778 1311 820 1351 in
853 1311 946 1364 ipso
980 1311 1148 1352 iudicio.
1205 1311 1354 1365 Neque
1381 1316 1401 1344 4

15 1373 183 1411 tantum
209 1385 276 1411 me
307 1370 545 1423 expectatio
573 1369 856 1411 accusationis
888 1384 1007 1410 meae
1041 1384 1355 1424 concursusque

15 1431 161 1470 tantae
188 1428 490 1482 multitudinis,
523 1428 677 1482 quibus
709 1442 788 1483 ego
821 1428 947 1469 rebus
980 1428 1354 1470 vehementissime

15 1487 254 1543 perturbor,
282 1490 533 1540 commovet,
562 1489 770 1540 quantum
796 1486 920 1527 istius
947 1486 1128 1528 insidiae
1153 1487 1355 1541 nefariae,

19 1561 122 1601 quas
147 1561 231 1587 uno
264 1549 458 1599 tempore
490 1546 607 1597 mihi,
638 1545 774 1599 vobis,
806 1545 874 1586 Μ’.
896 1544 1121 1586 Glabrioni
1153 1546 1354 1599 praetori,

17 1605 159 1659 sociis,
212 1605 367 1646 exteris
420 1605 688 1658 nationibus,
752 1603 908 1657 ordini,
959 1604 1123 1645 nomini
1177 1604 1356 1658 denique

18 1663 231 1705 senatorio
257 1663 396 1705 facere
423 1666 617 1717 conatur3
652 1663 724 1717 qui
755 1663 817 1703 ita
849 1662 1032 1716 dictitat,
1063 1662 1115 1703 iis
1149 1677 1240 1704 esse
1273 1678 1357 1704 me-

17 1722 232 1776 tuendum,
259 1723 341 1777 qui,
369 1722 481 1776 quod
501 1722 605 1776 ipsis
627 1722 731 1763 solis
753 1721 859 1762 satis
883 1724 1008 1775 esset,
1036 1722 1356 1775 surripuissent,

19 1795 61 1822 se
98 1783 269 1822 tantum
307 1781 532 1835 eripuisse,
575 1783 624 1821 ut
660 1780 704 1821 id
742 1780 890 1821 multis
929 1780 1036 1821 satis
1076 1795 1168 1821 esse
1200 1781 1355 1834 possit3

19 1839 126 1881 nihil
158 1855 250 1881 esse
281 1842 371 1881 tam
405 1842 617 1894 sanctum,
658 1839 770 1893 quod
801 1853 888 1880 non
919 1839 1092 1892 violari,
1124 1839 1233 1879 nihil
1266 1842 1356 1880 tam
1402 1888 1408 1893 ,

19 1898 241 1952 munitum,
269 1898 382 1952 quod
404 1913 491 1939 non
517 1898 753 1953 expugnari
779 1897 958 1951 pecunia
984 1898 1131 1951 possit.
1183 1897 1356 1952 Quodsi,
1383 1906 1403 1937 5

20 1971 145 2011 quam
172 1957 309 1998 audax
339 1960 403 1998 est
436 1957 487 1998 ad
521 1957 772 2009 conandum,
803 1959 894 1997 tam
927 1958 1040 1997 esset
1073 1956 1279 1997 obscurus
1312 1956 1357 1997 in

20 2016 194 2071 agendo,
222 2016 408 2057 fortasse
436 2016 581 2070 aliqua
606 2015 650 2056 in
676 2030 720 2056 re
746 2029 824 2056 nos
852 2015 1082 2068 aliquando
1108 2014 1355 2069 fefellisset3

19 2088 164 2115 verum
206 2074 288 2116 hoc
326 2075 462 2116 adhuc
500 2074 796 2128 percommode
835 2073 966 2127 cadit,
1011 2073 1124 2127 quod
1162 2089 1258 2115 cum
1295 2073 1357 2114 in-

0 2133 210 2174 ›credibili
230 2134 320 2174 eius
349 2133 526 2175 audacia
553 2132 784 2188 singularis
813 2132 1000 2173 stultitia
1027 2132 1253 2174 coniuncta
1279 2135 1356 2174 est.

20 2189 131 2232 Nam
151 2194 199 2233 ut
219 2194 392 2247 apertus
412 2192 457 2232 in
484 2191 760 2245 corripiendis
787 2191 976 2245 pecuniis
1002 2190 1097 2245 fuit,
1125 2191 1184 2232 sic
1210 2191 1256 2232 in
1282 2206 1356 2245 spe

21 2251 315 2305 corrumpendi
340 2251 483 2293 iudicii
515 2250 740 2305 perspicua
773 2264 850 2291 sua
882 2249 1062 2291 consilia
1094 2252 1357 2305 conatusque
