1618 2584
368 226 457 261 LIB.
484 227 533 261 IV
579 227 679 262 CAP.
708 232 761 270 66,
790 231 832 262 67
859 231 877 269 ξ
907 230 1100 262 148—151.
1320 228 1403 268 427

69 323 197 376 blice,
242 337 368 376 quam
402 322 527 363 Verri
565 324 782 365 dederunt.
845 322 1016 378 Negare
1060 337 1147 364 non
1191 326 1406 377 poterunt.

67 381 347 422 Frumentum
376 381 429 422 ab
457 381 509 421 iis
537 383 823 435 sumpseritne
850 380 894 423 C.
909 381 1081 436 Verres,
1107 381 1218 435 quod
1245 383 1405 436 populo

68 439 263 481 Romano
297 440 500 493 mitteret,
534 439 659 481 sicuti
693 440 944 494 superiores.
1001 439 1246 495 Negabunt.
1298 440 1406 488 Quid

69 498 255 539 militum
277 501 351 539 aut
370 501 598 539 nautarum
619 512 695 552 per
719 498 952 540 triennium
979 498 1182 540 dederint.
1226 497 1406 540 Nullum

33 557 216 598 sdatum
258 556 409 598 dicent.
470 556 618 598 Fuisse
649 555 892 598 Messanam
932 558 1122 598 omnium
1160 557 1285 598 istius
1323 557 1407 598 fur-

66 618 208 657 torum
237 630 285 657 ac
310 615 563 669 praedarum
591 615 867 669 receptricem
893 630 1050 671 negare
1076 631 1162 657 non
1188 618 1408 671 poterunt;

67 674 283 728 permulta
309 674 458 714 multis
484 674 665 715 navibus
695 674 815 716 illinc
844 677 1081 728 exportata,
1113 675 1223 716 hanc
1255 689 1405 716 navem

68 733 247 786 denique
280 733 511 773 maximam
545 747 569 773 a
597 732 866 773 Mamertinis
900 732 1046 774 datam
1079 736 1277 774 onustam
1312 748 1405 775 011111

67 791 152 832 isto
190 791 427 846 profectam
461 791 722 832 fatebuntur.
780 790 916 839 Quam
950 792 1004 833 ob
1037 806 1128 832 rem
1160 792 1241 833 tibi
1272 792 1383 833 habe
1412 801 1472 832 151

33 860 48 886 0
69 864 170 892 sane
202 850 332 891 istam
366 849 656 891 laudationem
685 849 1058 904 Mamertinorum3
1093 846 1406 904 Syracusanam

68 908 238 963 quidem
282 908 516 961 civitatem,
561 911 609 950 ut
653 909 729 950 abs
770 911 813 949 te
852 908 1019 951 adfecta
1058 912 1140 963 est,
1184 909 1246 950 ita
1282 910 1327 950 in
1364 912 1406 951 te

68 982 159 1009 esse
193 967 427 1008 animatam
459 967 670 1021 videmus,
704 967 815 1022 apud
848 982 954 1022 quos
988 967 1118 1009 etiam
1144 967 1298 1009 Verria
1329 968 1405 1009 illa

67 1026 286 1081 flagitiosa
324 1026 495 1067 sublata
534 1029 644 1067 sunt.
706 1026 880 1067 Etenim
919 1026 1093 1068 minime
1126 1027 1407 1068 conveniebat

69 1085 106 1125 ei
134 1085 308 1125 deorum
334 1085 518 1125 honores
546 1084 706 1139 haberi,
740 1085 811 1139 qui
839 1086 1070 1127 simulacra
1103 1085 1279 1127 deorum
1313 1086 1406 1127 abs-

33 1143 252 1184 ⁵tulisset.
313 1142 459 1184 Etiam
498 1143 669 1185 hercule
706 1144 815 1185 illud
851 1144 896 1185 in
935 1143 1214 1198 Syracusanis
1252 1145 1406 1186 merito

67 1202 467 1256 reprehenderetur,
516 1202 568 1255 si,
616 1217 711 1243 011111
756 1202 866 1243 (110111
910 1202 1069 1244 festum
1114 1203 1313 1244 ludorum
1358 1203 1407 1244 de

66 1260 191 1302 fastis
220 1260 307 1302 suis
335 1260 612 1302 sustulissent
644 1261 968 1302 celeberrimum
1002 1264 1045 1302 et
1076 1262 1407 1315 sanctissimum,

68 1319 181 1374 quod
225 1334 273 1360 eo
311 1319 406 1373 ipso
445 1319 510 1360 die
549 1318 783 1374 Syracusae
822 1335 845 1361 a
884 1319 1089 1362 Marcello
1128 1323 1277 1374 captae
1316 1335 1407 1361 esse

69 1378 282 1432 dicuntur,
326 1378 438 1419 idem
481 1378 590 1419 diem
632 1379 790 1420 festum
821 1377 969 1420 Verris
1008 1379 1179 1420 nomine
1219 1382 1408 1434 agerent,

33 1447 163 1479 ocum
208 1437 289 1478 iste
329 1452 353 1478 a
391 1435 688 1491 Syracusanis,
733 1452 840 1492 quae
883 1438 957 1479 ille
1002 1438 1279 1479 calamitosus
1320 1438 1407 1479 dies

66 1496 313 1550 reliquerat,
346 1495 585 1538 ademisset.
630 1497 693 1538 Ac
718 1496 858 1537 videte
885 1496 1070 1538 hominis
1097 1497 1405 1551 impudentiam

69 1557 196 1609 atque
242 1554 556 1610 arrogantiam,
606 1555 782 1608 iudices,
828 1556 899 1609 qui
943 1570 1029 1597 non
1076 1556 1215 1596 solum
1254 1555 1406 1597 Verria

67 1613 173 1655 haec
192 1613 337 1668 turpia
358 1628 406 1654 ac
427 1613 607 1655 ridicula
632 1628 681 1654 ex
702 1613 893 1655 Heraclii
918 1614 1098 1669 pecunia
1124 1614 1406 1666 constituerit„

67 1687 216 1714 verum
262 1672 391 1713 etiam
430 1671 649 1714 Marcellia
693 1673 791 1714 tolli
835 1673 1075 1727 imperarit,
1118 1676 1167 1714 ut
1211 1673 1249 1714 ei
1288 1687 1407 1715 sacra

34 1741 48 1766 5
68 1730 258 1773 facerent
280 1731 522 1784 quotannis,
548 1731 666 1772 0111118
688 1745 817 1785 opera
837 1732 1026 1773 omnium
1052 1746 1260 1773 annorum
1288 1746 1407 1774 sacra

69 1790 254 1844 deosque
292 1789 456 1844 patrios
496 1790 747 1844 amiserant,
787 1790 875 1831 eius
915 1794 1057 1832 autem
1096 1791 1285 1832 familiae
1319 1791 1407 1832 dies

66 1849 202 1890 festos
231 1848 454 1902 tollerent,
486 1863 561 1904 per
594 1864 721 1903 quam
756 1852 919 1891 ceteros
953 1864 1120 1905 quoque
1151 1849 1285 1891 festos
1320 1849 1408 1891 dies

67 1909 382 1962 recuperarant.
