1618 2584
327 250 417 286 ΜΒ.
444 251 459 285 1
522 251 624 286 CAP.
651 255 788 286 56—58
816 254 835 293 ξ,
863 255 1058 286 146-152,
1281 250 1364 291 195

25 348 204 404 putabat
236 361 280 388 se
314 347 477 400 aliquid
515 346 773 388 defensionis
812 346 1079 399 habiturum,
1117 345 1365 386 Habonium

22 421 150 461 porro
205 406 488 460 intellegebat
542 420 632 446 rem
688 408 826 446 totam
883 419 974 446 esse
1035 404 1365 458 patefacturum.

23 464 213 505 Tametsi
250 464 350 518 quid
386 467 558 518 poterat
596 478 688 505 esse
722 464 929 518 apertius,
968 478 1095 518 quam
1127 478 1239 504 nunc
1271 463 1365 503 est‘?

22 522 82 564 Ut
113 537 197 564 uno
230 523 369 563 minus
402 526 512 564 teste
544 523 741 576 haberet,
774 523 972 564 Habonio
1007 537 1113 577 opus
1146 523 1191 562 in
1223 536 1365 576 accep-

0 609 3 620 .
23 585 113 622 tum
141 582 310 622 rettulit
331 582 610 635 quadriennio
631 584 742 636 post,
770 596 897 635 quam
918 582 1028 622 diem
1050 581 1168 635 operi
1189 580 1365 621 dixerat.

22 640 112 681 Hac
152 640 415 694 condicione,
454 641 489 681 si
523 641 618 694 quis
651 640 701 680 de
734 641 893 694 populo
927 640 1171 694 redemptor
1204 653 1342 680 acces-
1370 645 1436 676 150

22 700 165 752 sisset,
202 713 286 740 non
329 702 441 740 esset
478 713 596 752 usus,
638 713 733 740 cum
773 699 839 739 die
878 702 1041 740 ceteros
1074 698 1366 752 redemptores

23 757 287 811 exclusisset,
313 760 405 798 tum
431 758 474 798 in
502 757 590 798 eius
619 757 846 797 arbitrium
872 772 919 798 ac
940 759 1201 810 potestatem
1221 756 1366 798 venire

21 816 239 869 nolebant,
273 817 344 870 qui
371 816 453 857 sibi
482 819 672 870 ereptam
701 816 900 869 praedam
931 816 1225 857 arbitraretm.
1274 814 1366 856 Nos

0 890 73 916 »ne
107 878 474 929 argumentemur,
513 889 596 928 quo
629 875 713 915 ista
746 874 925 928 pecunia
963 875 1223 928 pervenerit,
1261 874 1367 915 facit

20 934 112 987 ipse
156 934 371 975 indicium.
438 933 648 987 Primum,
700 948 791 974 cum
839 933 1132 973 vehementius
1177 948 1270 973 cum
1317 947 1365 974 eo

20 991 71 1034 D.
105 991 264 1033 Brutus
304 992 596 1045 contenderet,
635 992 706 1046 qui
746 992 794 1032 de
835 1006 911 1032 sua
949 991 1128 1045 pecunia
1165 990 1237 1032 HS
1271 1004 1367 1032 DLX

21 1051 141 1091 milia
185 1052 444 1104 numeravit,
487 1051 598 1105 quod
641 1050 728 1092 iam
772 1051 853 1091 iste
898 1050 1009 1090 ferre
1052 1064 1139 1091 non
1182 1052 1367 1105 poterat,

21 1124 147 1164 opere
181 1110 368 1164 addicto,
399 1110 628 1164 praedibus
661 1109 846 1163 acceptis
879 1109 928 1149 dc
961 1107 1033 1149 HS
1064 1121 1160 1150 DLX
1192 1109 1365 1149 milibus

0 1169 189 1209 'remisit
226 1168 277 1209 D.
315 1168 450 1210 Bruto
489 1167 562 1210 HS
601 1179 658 1209 CX
697 1168 826 1208 milia.
895 1167 1006 1220 Hoc,
1046 1167 1081 1207 si
1120 1168 1261 1208 aliena
1298 1182 1366 1208 res

22 1230 146 1280 esset,
172 1230 285 1268 certe
309 1227 450 1268 facere
475 1242 561 1268 non
581 1228 806 1281 potuisset.
857 1226 1020 1267 Deinde
1039 1227 1202 1267 nummi
1223 1241 1367 1267 nume-

20 1286 105 1327 rati
132 1289 232 1327 sunt
259 1285 500 1339 Cornificio,
533 1300 657 1339 quem
686 1286 869 1327 scribam
898 1300 1020 1325 suum
1046 1285 1178 1326 fuisse
1207 1299 1366 1340 negare

20 1359 107 1386 non
138 1347 294 1399 potest.
344 1344 569 1386 Postremo
598 1344 734 1398 ipsius
761 1344 933 1384 Haboni
959 1344 1135 1384 tabulae
1162 1344 1366 1397 praedam

21 1403 141 1444 illam
168 1403 294 1444 istius
326 1403 458 1444 fuisse
491 1404 691 1444 clamant.
742 1403 904 1444 Recita.
943 1405 1139 1446 NOMINA
1165 1402 1401 1463 ΗΑΒΟΧΙ.Γ

108 1461 191 1503 Hic
220 1463 350 1503 etiam
382 1463 525 1516 priore
559 1462 724 1503 actione
758 1460 804 1510 Q.
836 1461 1094 1502 Hortensius
1127 1462 1342 1516 pupillum
1370 1439 1434 1521 ἐξ

22 1520 191 1561 iunium
222 1521 389 1561 venisse
426 1523 745 1575 praetextatum
783 1520 827 1561 in
865 1523 1057 1561 vestrum
1090 1524 1365 1574 conspectum

21 1582 64 1620 et
103 1579 274 1620 stetisse
313 1594 408 1620 cum
446 1582 600 1632 patruo
638 1579 933 1620 testimonium
980 1579 1144 1619 dicente
1190 1582 1365 1633 questus

22 1641 86 1678 est
113 1641 155 1679 et
182 1653 247 1678 me
274 1639 543 1692 populariter
564 1652 690 1693 agere
712 1641 840 1691 atque
860 1637 1065 1678 invidiam
1087 1652 1366 1691 commovere,

22 1697 135 1750 quod
149 1711 328 1751 puerum
342 1697 631 1751 producerem,
649 1697 901 1738 clamitavit.
935 1696 1045 1744 Quid
1063 1698 1166 1748 erat,
1182 1695 1366 1737 Horten-

0 1755 75 1809 si,
115 1755 289 1796 tandem
326 1755 372 1796 in
407 1756 483 1796 illo
517 1770 647 1810 puero
681 1755 906 1809 populare,
945 1755 1047 1808 quid
1077 1755 1365 1796 invidiosum?

21 1813 220 1868 Gracchi,
265 1814 407 1867 credo,
453 1817 527 1855 aut
572 1814 792 1855 Saturnini
837 1816 910 1854 aut
955 1813 1133 1855 alicuius
1178 1813 1364 1854 hominis

21 1873 109 1914 cius
159 1873 275 1915 modi
324 1873 609 1927 produxeram
659 1873 815 1925 filium,
864 1874 912 1913 ut
961 1872 1132 1913 nomine
1181 1873 1275 1926 ipso
1324 1875 1366 1913 et

21 1932 228 1973 memoria
242 1932 379 1986 patris
401 1932 566 1973 animos
588 1931 797 1985 inperitae
818 1931 1108 1972 multitudinis
1129 1946 1365 1972 commove-

21 2005 121 2032 rem.
182 1990 227 2032 P.
258 1989 355 2031 Iuni
387 1993 497 2044 erat,
534 1990 721 2031 hominis
755 1990 804 2031 de
835 1990 961 2044 plebe
994 1989 1206 2043 Romana,
1238 1990 1366 2043 filius,

0 2064 146 2103 ·quem
178 2052 301 2102 pater
327 2049 512 2090 moriens
541 2064 636 2090 cum
661 2049 879 2090 tutoribus
907 2051 949 2089 et
974 2049 1239 2103 propinquis,
1272 2051 1365 2089 tum

22 2108 207 2163 legibus,
256 2111 349 2149 tum
401 2108 608 2161 aequitati
652 2107 1005 2162 magistratuum,
1055 2110 1147 2147 tum
1197 2107 1363 2148 iudiciis

20 2167 174 2208 vestris
213 2167 557 2208 commendatum
598 2166 778 2219 putavit.
846 2165 927 2206 Hic
966 2165 1089 2205 istius
1132 2166 1338 2207 scelerato
1367 2168 1432 2199 152

20 2225 268 2280 nefarioque
307 2226 533 2267 latrocinio
572 2224 696 2266 bonis
736 2224 887 2278 patriis
925 2223 1193 2278 fortunisque
1233 2224 1365 2265 omni-

21 2283 99 2326 bus
132 2285 342 2339 spoliatus
375 2284 492 2325 venit
522 2284 567 2324 in
598 2283 813 2335 iudicium,
847 2283 882 2323 si
913 2282 1023 2323 nihil
1051 2283 1176 2333 aliud,
1210 2283 1365 2324 saltem

0 2345 68 2383 »ut
100 2358 207 2397 eum,
240 2343 357 2384 cuius
391 2358 520 2397 opera
552 2342 643 2395 ipse
675 2342 835 2382 multos
864 2355 997 2382 annos
1025 2344 1137 2382 esset
1163 2342 1207 2381 in
1235 2341 1365 2382 sordi-

21 2401 112 2455 bus,
142 2402 271 2455 paulo
304 2405 450 2443 tamen
483 2400 719 2443 obsoletius
751 2400 956 2441 vestitum
989 2400 1163 2441 videret.
1213 2399 1364 2454 Itaque

21 2460 113 2514 tibi,
144 2460 367 2514 Hortensi,
399 2475 486 2502 non
517 2460 635 2500 illius
670 2462 806 2510 aetas,
839 2458 913 2500 sed
945 2473 1089 2511 causa,
1121 2473 1207 2500 non
1239 2459 1365 2499 vesti-

1012 2527 1081 2559 13²³t
