1618 2584
355 229 442 265 ΜΒ.
468 229 517 264 lv
562 228 664 263 CAP.
693 232 830 263 64—66
857 231 876 270 ς
905 231 1099 262 143—148.
1312 226 1399 268 425

60 327 176 368 facta
222 327 351 379 esset,
396 324 469 365 sed
515 324 643 365 etiam
687 323 974 378 perscriptum
1019 325 1147 376 atque
1190 322 1235 363 in
1279 323 1399 363 tabu-

62 386 126 426 las
170 384 372 437 relatum,
414 385 589 437 praetor
625 382 881 437 appellatur.
944 381 1005 422 At
1044 380 1137 435 quis
1177 381 1399 435 appellat?

62 442 344 498 magistratus
372 441 534 496 aliqui?
578 440 727 482 Nemo.
785 439 998 482 Senator?
1048 438 1114 480 Ne
1140 438 1183 480 id
1217 439 1399 493 quidem.

63 500 428 556 Syracusanorum
449 499 611 554 aliqui?
643 499 830 540 Minime.
877 498 981 547 Quis
1001 498 1136 554 igitur
1154 500 1398 553 praetorem

27 560 284 615 sappellat?
353 557 434 607 Qui
478 560 680 613 quaestor
723 557 847 599 istius
885 557 1044 611 fuerat,
1088 556 1133 598 P.
1166 555 1399 598 Caesetius.

63 618 97 660 O
130 633 221 659 rem
252 617 493 659 ridiculam!
539 631 563 658 o
596 616 813 659 desertum
844 616 1082 669 hominem,
1114 615 1400 668 desperatum,

62 677 278 719 relictum!
328 676 368 716 A
395 675 655 730 magistratu
681 673 837 728 Siculo,
868 689 920 716 ne
948 676 1123 716 senatus
1155 679 1399 715 consultum

63 734 195 778 Siculi
220 735 414 777 homines
439 734 578 776 facere
604 736 794 788 possent,
824 747 878 774 ne
904 747 1028 775 suum
1055 733 1119 774 ius
1154 733 1240 774 suis
1274 732 1400 774 mori-

63 795 155 848 bus,
187 794 275 835 suis
304 793 474 848 legibus
507 792 700 834 obtinere
732 794 921 845 possent,
951 806 1038 833 non
1069 791 1230 833 amicus
1262 791 1402 844 istius,

16 865 45 891 ιο
63 867 149 895 non
174 852 343 906 hospes,
373 866 461 893 non
487 851 666 905 denique
696 851 851 905 aliquis
879 848 1060 903 Siculus,
1093 850 1166 891 sed
1199 853 1403 904 quaestor

64 911 213 967 populi
250 910 434 952 Romani
474 912 718 964 praetorem
756 909 965 964 appellat!
1029 908 1132 957 Quis
1169 908 1251 950 hoc
1283 908 1403 961 vidit,

65 971 158 1025 quis
186 969 378 1011 audivit?
429 968 609 1010 Praetor
635 983 795 1022 aequus
823 971 866 1009 et
892 968 1062 1022 sapiens
1092 967 1252 1008 dimitti
1283 967 1403 1008 iubet

65 1031 272 1071 senatum.
310 1026 536 1070 Concurrit
557 1026 610 1068 ad
631 1042 697 1068 me
719 1027 905 1068 maxima
925 1026 1170 1068 multitudo.
1210 1025 1402 1067 Primum

65 1091 284 1130 senatores
334 1087 519 1128 clamare
569 1086 652 1127 sibi
702 1086 807 1140 eripi
857 1085 940 1139 ius,
992 1085 1098 1140 eripi
1141 1085 1404 1136 libertatem,

15 1158 45 1184 15
65 1147 247 1201 populus
274 1148 471 1187 senatum
498 1145 685 1198 laudare,
715 1144 879 1199 gratias
907 1158 1046 1199 agere,
1078 1143 1190 1185 cives
1218 1143 1403 1184 Romani

66 1220 91 1246 a
111 1220 177 1246 me
196 1219 409 1259 nusquam
430 1203 655 1245 discedere.
701 1203 792 1251 Quo
815 1203 985 1257 quidem
1007 1202 1072 1243 die
1097 1202 1206 1243 nihil
1234 1202 1403 1256 aegrius

64 1264 227 1305 factum
272 1265 338 1304 est
380 1263 517 1304 multo
562 1262 710 1303 labore
748 1276 861 1316 meo,
906 1276 1034 1315 quam
1072 1263 1120 1302 ut
1158 1274 1310 1302 manus
1349 1260 1403 1301 ab

65 1323 141 1364 illo
175 1321 443 1376 appellatore
476 1321 808 1362 abstinerentur.

155 1379 262 1423 Cum
304 1379 358 1422 ad
395 1382 638 1435 praetorem
676 1379 721 1420 in
757 1379 823 1420 ius
863 1378 1118 1432 adissemus,
1163 1377 1381 1432 excogitat
1409 1385 1475 1417 147

29 1451 46 1477 ⁰
67 1453 167 1482 sane
205 1441 344 1493 acute,
383 1438 483 1493 quid
515 1438 725 1480 decernat.
786 1436 900 1478 Nam
933 1439 1032 1478 ante
1066 1451 1195 1491 quam
1226 1437 1405 1477 verbum

65 1498 262 1552 facerem,
294 1498 344 1538 de
371 1498 478 1538 sella
504 1496 689 1538 surrexit
718 1498 846 1550 atque
879 1496 996 1537 abiit.
1046 1496 1197 1549 Itaque
1229 1497 1323 1536 tum
1355 1495 1406 1536 de

65 1557 171 1610 foro,
201 1571 296 1599 cum
322 1556 408 1597 iam
435 1555 819 1610 advesperasceret,
852 1554 1136 1596 discessimus.
1191 1553 1404 1595 Postridie
1420 1551 1477 1593 66

67 1631 191 1657 mane
230 1616 284 1657 ab
323 1629 371 1656 eo
410 1615 602 1669 postulo,
639 1617 687 1655 ut
726 1612 1005 1667 Syracusanis
1044 1612 1193 1654 liceret
1231 1615 1405 1654 senatus

67 1675 328 1728 consultum,
368 1673 479 1728 quod
514 1672 650 1728 pridie
681 1671 900 1725 fecissent,
939 1671 1045 1712 mihi
1076 1671 1263 1713 reddere.
1325 1670 1406 1712 Ille

32 1745 48 1772 5
68 1733 181 1775 enim
219 1747 319 1774 vero
357 1735 489 1787 negat
528 1734 570 1772 et
602 1731 663 1772 ait
694 1731 918 1786 indignum
950 1730 1115 1772 facinus
1147 1744 1257 1784 esse,
1295 1729 1408 1784 quod

68 1806 148 1848 ego
186 1793 231 1833 in
268 1794 420 1833 senatu
458 1790 618 1832 Graeco
656 1790 789 1831 verba
824 1789 1041 1843 fecissem3
1084 1788 1198 1843 quod
1236 1788 1407 1842 quidem

69 1851 182 1906 apud
219 1850 405 1892 Graecos
445 1848 603 1891 Graece
648 1849 816 1890 locutus
862 1862 1017 1901 essem,
1060 1847 1104 1888 id
1146 1847 1251 1889 ferri
1287 1847 1408 1888 nullo

68 1909 194 1952 modo
234 1923 370 1964 posse.
432 1907 651 1963 Respondi
688 1907 872 1961 homini,
916 1909 964 1948 ut
1001 1906 1140 1961 potui,
1184 1908 1233 1947 ut
1270 1905 1409 1959 debui,

68 1971 116 2009 ut
159 1968 288 2010 volui.
348 1966 457 2009 Cum
500 1967 656 2019 multa,
699 1968 791 2007 tum
835 1966 967 2007 etiam
1010 1965 1091 2007 hoc
1130 1978 1194 2006 me
1233 1964 1408 2005 memini

17 2038 50 2064 ³0
70 2027 226 2080 dicere,
268 2026 395 2067 facile
434 2039 526 2067 esse
563 2024 854 2080 perspicuum,
898 2026 1107 2078 quantum
1145 2023 1259 2064 inter
1295 2023 1409 2064 hunc

70 2088 112 2127 et
143 2085 267 2126 illum
299 2084 592 2137 Numidicum,
629 2098 778 2124 verum
811 2085 855 2124 et
887 2096 1140 2138 germanum
1171 2081 1410 2135 Metellum,

69 2144 314 2198 interesset3
357 2143 481 2184 illum
524 2141 713 2184 noluisse
758 2156 836 2182 sua
878 2141 1127 2182 laudatione
1170 2140 1318 2181 iuvare
1362 2139 1409 2181 L.

68 2202 313 2256 Lucullum,
347 2201 507 2243 sororis
540 2201 697 2254 virum,
729 2200 899 2254 quicum
933 2200 1094 2254 optime
1126 2198 1410 2251 convenisset,

69 2261 181 2303 hunc
206 2260 371 2303 homini
398 2259 661 2301 alienissimo
694 2273 720 2301 a
751 2258 999 2300 civitatibus
1033 2257 1302 2299 laudationes
1334 2271 1410 2311 per

35 2332 50 2357 5
70 2321 157 2361 vim
180 2323 223 2361 et
242 2322 404 2361 metum
424 2332 685 2372 comparare.
732 2316 854 2366 Quod
873 2317 948 2358 ubi
967 2317 1174 2370 intellexi,
1201 2316 1386 2357 multum
1414 2323 1480 2354 148

70 2379 182 2434 apud
225 2378 350 2420 illum
393 2377 576 2419 recentis
621 2376 813 2430 nuntios,
864 2376 1049 2417 multum
1093 2375 1278 2416 tabellas
1323 2389 1411 2415 non

69 2437 463 2491 commendaticias,
513 2436 586 2477 sed
632 2434 887 2476 tributarias
932 2434 1137 2487 valuisse,
1188 2432 1411 2475 admonitu
