1618 2584
382 800 441 850 M.
481 800 669 847 TULLI
708 801 1036 848 CICERONIS

71 909 384 965 ACTIONIS
429 910 507 964 IN
552 910 606 965 C.
652 911 943 966 VERREM
989 909 1356 966 SECUNDAE

505 1008 650 1042 LIBER
677 1008 925 1043 SECUNDUS

322 1080 399 1121 DE
434 1080 752 1122 PRAETURA
785 1079 1102 1123 SICILIENSI.

193 1268 663 1312 ARGUMENTUM
695 1269 1238 1312 PSEUDO-ASCONI.

133 1350 234 1385 Haec
261 1351 337 1385 sine
360 1350 470 1384 dubio
493 1351 540 1384 ad
561 1350 837 1384 accusationem
855 1350 1040 1395 propositi
1061 1350 1222 1384 criminis
1244 1352 1389 1395 spectat

40 1398 169 1432 or.atio
226 1397 322 1431 Nam
356 1398 543 1441 superiore
576 1399 661 1431 ante
694 1400 799 1432 actae
833 1408 890 1431 res
928 1400 1012 1432 sunt
1047 1398 1254 1442 expositae,
1293 1409 1386 1441 quae

40 1445 126 1497 quia
145 1444 265 1489 magis
287 1444 464 1479 adiuvant
485 1444 770 1486 accusationem
792 1456 901 1487 quam
922 1444 1025 1489 ipsae
1046 1447 1132 1479 sunt
1150 1444 1387 1489 principales,

41 1492 77 1525 111
110 1503 223 1525 111111111
249 1492 385 1525 librum
412 1493 563 1526 coactae
590 1494 675 1526 sunt
700 1474 836 1525 iudicio
865 1491 1050 1526 Ciceronis
1078 1492 1213 1526 cursim
1239 1502 1387 1526 enume-

40 1538 172 1581 rantis,
207 1549 298 1581 quae
332 1537 464 1572 Ver-sie
491 1541 678 1582 quaestor,
712 1549 805 1581 quae
831 1550 897 1583 pro
925 1540 1137 1582 quaestore,
1165 1549 1259 1582 quae
1286 1539 1387 1582 lega-

39 1588 116 1628 tus,
156 1596 248 1628 quae
288 1584 444 1627 (lenique
488 1588 638 1629 praetor
675 1586 836 1619 urbanus
873 1586 1074 1620 admiserit.
1128 1585 1200 1620 Ubi
1235 1575 1388 1620 ventum

41 1637 97 1666 est
131 1632 177 1665 ad
210 1643 358 1666 causam
392 1632 510 1676 ipsam
548 1635 584 1666 et
616 1632 825 1666 Siciliensia
856 1632 1027 1675 crimina,
1066 1634 1243 1676 quattuor
1273 1633 1387 1667 libros

41 1679 174 1721 edidit,
210 1691 323 1712 unum
351 1680 394 1713 de
421 1679 510 1713 iuris
538 1680 715 1722 dictione,
749 1680 907 1713 alterum
933 1680 976 1714 de
1003 1680 1204 1723 frumento,
1236 1680 1389 1714 tertium

40 1726 84 1760 de
113 1726 240 1770 signis,
267 1728 439 1769 quartum
467 1727 510 1760 (16
538 1726 740 1771 suppliciis,
767 1727 805 1760 in
831 1738 903 1770 qua
923 1727 1184 1761 distributione
1203 1738 1278 1761 non
1298 1727 1387 1761 ordo

39 1775 229 1817 temporis,
258 1773 322 1806 sed
346 1773 552 1807 facinorum
579 1785 716 1818 genera
741 1776 778 1808 et
802 1776 991 1808 momenta
1016 1776 1164 1808 servata
1191 1776 1285 1808 sunt.
1330 1774 1386 1807 111-

40 1820 132 1864 cipit
163 1822 287 1854 autem
320 1831 342 1853 a
374 1820 482 1854 laude
516 1820 663 1855 Siciliae
697 1823 733 1855 et
766 1821 953 1865 egreditur
992 1821 1039 1854 ad
1077 1822 1215 1855 crimen
1246 1820 1387 1864 Dionis,

40 1868 172 1902 deinde
200 1867 349 1912 Sosippi
383 1870 420 1901 et
445 1867 677 1902 Philocratis.
731 1867 802 1902 Sed
835 1869 879 1902 de
911 1867 991 1902 iure
1019 1867 1225 1902 Siculorum
1261 1879 1387 1902 everso

40 1914 177 1948 frustra
202 1915 353 1958 quidam
374 1914 587 1949 Ciceronem
612 1915 897 1960 reprehendunt,
925 1915 1022 1958 quod
1047 1926 1121 1949 non
1147 1915 1232 1950 inde
1260 1926 1388 1960 coepe-

40 1962 97 2004 rit,
126 1973 208 1996 cum
236 1963 425 2006 superiora
452 1963 607 1996 crimina
632 1974 705 1996 non
731 1964 867 2007 egeant
893 1962 970 1996 eius
998 1962 1097 1997 modi
1123 1964 1298 2005 tractatu,
1326 1964 1387 2005 qui

40 2009 87 2042 ad
114 2009 309 2053 sequentia
335 2009 507 2053 pertinet,
535 2012 572 2043 et
599 2009 754 2044 oratoris
782 2009 936 2043 consilio
964 2020 985 2043 a
1010 2009 1156 2054 magnis
1183 2009 1386 2053 iisdemque

40 2056 255 2090 clarioribus
296 2056 512 2090 sumendum
548 2059 645 2091 esset
682 2057 882 2090 exordium.
934 2056 1061 2099 Itaque
1088 2058 1173 2101 post
1197 2057 1268 2090 hoc
1294 2060 1316 2099 ’ᾗ-
1344 2057 1387 2090 (16

39 2103 204 2137 merodio
233 2103 414 2148 expressis
440 2103 643 2137 honoribus
671 2104 716 2137 ab
742 2103 879 2145 invitis,
907 2104 952 2137 de
973 2103 1146 2147 Epicrate
1167 2103 1300 2137 Bidino
1327 2104 1386 2137 de-

38 2161 108 2193 que
134 2151 243 2185 rebus
268 2150 503 2195 capitalibus,
531 2151 574 2184 de
597 2150 766 2195 Sopatro,
795 2151 837 2185 de
859 2150 1025 2193 Sthenio,
1053 2151 1096 2184 (16
1117 2151 1195 2185 11116
1216 2151 1386 2185 (1161111(10.

39 2197 208 2231 Alterum
236 2198 280 2232 de
308 2198 551 2239 senatoribus,
579 2198 622 2231 (16
651 2198 920 2241 sacerdotibus,
958 2197 1001 2231 (16
1028 2198 1241 2232 censoribus
1267 2198 1386 2242 pretio

40 2255 62 2278 a
88 2246 118 2277 i
123 2255 200 2278 erre
228 2244 348 2287 factis,
377 2245 420 2279 de
448 2245 646 2279 collatione
672 2244 710 2278 in
738 2246 896 2287 statuas,
925 2245 969 2279 de
995 2244 1277 2289 publicanorum
1304 2256 1386 2297 eum

40 2291 153 2326 Verre
192 2272 452 2326 convenientia
489 2292 527 2325 in
564 2292 689 2334 furtis,
729 2292 773 2326 de
807 2273 945 2325 tabulis
983 2257 1173 2335 CP-taipinati
1211 2303 1387 2336 pecunias

40 2338 165 2373 Verris
194 2338 507 2373 extraordinarias
544 2338 828 2373 continentibus.
881 2338 1002 2373 Genus
1035 2349 1167 2373 causae
1199 2338 1238 2373 in
1270 2350 1327 2373 0111
1332 2338 1386 2372 111-

40 2385 148 2420 busV
152 2397 220 2420 6111
225 2398 356 2420 narum
371 2386 475 2421 libris
495 2386 725 2420 admirabile.
754 2386 792 2420 St
798 2388 878 2420 atus
894 2385 1151 2431 principaliter
1163 2385 1386 2421 coniectuia.
