1618 2584
386 213 475 248 LIB.
504 214 552 249 111
598 214 696 249 CAP.
725 219 861 250 20—23
888 219 907 257 g
934 219 1082 250 51—56.
1324 215 1404 257 291

66 309 296 364 Pergaeus,
328 310 401 364 qui
426 310 470 351 in
498 325 574 352 sua
600 311 743 365 patria
776 311 859 351 dux
890 310 964 352 isti
997 310 1213 364 quondam
1246 314 1288 351 et
1321 326 1409 352 ma-

69 368 204 424 gister
242 368 295 410 ad
329 369 601 422 spoliandum
634 369 797 410 Dianae
829 369 1039 423 templum
1070 368 1173 423 fuit)
1208 371 1250 409 et
1282 369 1410 410 haru-

68 427 227 480 spicem
260 425 488 468 Volusium
528 431 570 468 et
601 427 823 469 Valerium
861 442 1126 481 praeconem.
1193 427 1410 482 Nympho,

68 488 299 540 antequam
332 487 458 538 plane
491 486 704 539 constitit,
736 486 1054 527 condemnatur.
1117 485 1294 540 Quanti,
1326 486 1410 527 for-

31 546 182 585 5tasse
225 544 443 598 quaeritis.
505 544 639 585 Nulla
678 546 770 585 erat
808 545 935 585 edicti
972 559 1110 599 poena
1148 547 1282 598 certa3
1325 544 1410 585 fru-

67 602 200 643 menti
233 603 371 643 omnis
405 603 513 656 eius,
547 602 659 656 quod
690 602 735 643 in
768 603 878 643 areis
912 606 1036 644 esset.
1091 601 1161 645 Sic
1192 603 1410 657 Apronius

68 661 324 702 decumanus
368 675 455 702 non
499 661 720 702 decumam
766 661 973 715 debitam,
1016 676 1103 703 non
1146 661 1410 703 frumentum

66 723 280 760 remotum
302 722 430 773 atque
451 719 648 771 celatum,
675 719 748 760 sed
768 720 903 761 tritici
922 732 986 761 VII
1006 720 1129 762 milia
1147 720 1410 761 medimnum

67 792 116 818 ex
147 778 418 832 Nymphonis
452 778 718 818 arationibus
752 778 878 819 edicti
909 793 1065 833 poena,
1101 793 1189 821 non
1220 779 1410 834 redemp-

17 836 199 877 lotionis
233 837 377 890 aliquo
410 837 500 877 iure
533 837 662 877 tollit.
1455 880 1464 897 ς

153 894 343 936 Xenonis
362 894 569 948 Menaeni,
589 894 850 936 nobilissimi
865 894 1066 949 hominis,
1086 896 1231 937 uxoris
1250 895 1408 937 fundus
1424 879 1480 919 92

66 956 159 994 erat
195 954 346 994 colono
379 953 564 1006 locatus3
602 954 801 1006 colonus,
839 954 952 1007 quod
985 954 1317 996 decumanorum
1349 955 1409 996 in-
1436 941 1480 961 ⁰⁰

65 1012 197 1053 iurias
226 1012 338 1053 ferre
368 1026 454 1053 non
488 1015 677 1066 poterat,
709 1027 758 1052 ex
792 1026 896 1066 agro
929 1012 1194 1068 profugerat.
1252 1013 1408 1054 Verres

65 1070 110 1111 in
140 1069 363 1112 Xenonem
394 1070 597 1111 iudicium
632 1070 762 1111 dabat
794 1070 901 1112 illud
934 1085 1056 1112 suum
1091 1072 1409 1113 damnatorium

15 1140 46 1165 15
67 1129 116 1170 de
136 1129 332 1184 iugerum
352 1129 631 1183 professione.
675 1128 795 1170 Xeno
818 1130 871 1170 ad
898 1144 942 1170 se
967 1130 1182 1184 pertinere
1206 1131 1409 1185 negabat,

64 1187 244 1229 fundum
283 1188 496 1229 elocatum
535 1202 627 1229 esse
660 1188 840 1229 dicebat.
902 1188 1048 1229 Dabat
1079 1189 1162 1230 iste
1194 1189 1410 1243 iudicium,

66 1244 111 1287 SI
148 1258 361 1288 PARERET
400 1258 572 1288 IUGERA
610 1258 712 1288 EIUS
751 1258 896 1288 FUNDI
934 1259 1084 1288 PLURA
1116 1258 1242 1300 ESSE,
1281 1259 1410 1297 QUAM

66 1315 276 1347 COLONUS
301 1316 443 1347 ESSET
471 1317 741 1359 PROFESSUS,
767 1307 861 1346 tum
887 1305 951 1346 uti
973 1305 1094 1347 Xeno
1123 1306 1409 1348 damnaretur.

66 1363 248 1405 Dicebat
290 1364 365 1404 ille
402 1378 489 1405 non
526 1364 653 1405 modo
693 1378 737 1405 se
774 1378 861 1405 non
901 1379 1064 1419 arasse,
1107 1364 1150 1405 id
1190 1365 1303 1419 quod
1342 1368 1410 1406 sat

13 1433 46 1458 20
66 1425 170 1476 erat,
203 1422 276 1464 sed
301 1437 379 1464 nee
406 1422 625 1464 dominum
653 1437 744 1464 esse
778 1422 867 1464 eius
899 1422 1021 1464 fundi
1051 1437 1129 1465 nee
1160 1423 1409 1476 locatorem,

64 1481 209 1522 uxoris
236 1495 345 1534 esse3
380 1495 473 1522 eam
499 1482 640 1534 ipsam
667 1496 790 1522 suum
821 1482 1044 1536 negotium
1078 1496 1237 1537 gerere,
1269 1482 1409 1537 ipsam

64 1539 285 1581 locavisse.
347 1539 618 1581 Defendebat
648 1539 870 1581 Xenonem
906 1540 1034 1581 homo
1069 1555 1236 1582 summo
1271 1541 1409 1595 splen-

65 1598 166 1639 dore
211 1602 253 1639 et
296 1612 464 1639 summa
506 1598 762 1640 auctoritate
801 1598 1039 1653 praeditus,
1083 1599 1139 1639 M.
1173 1599 1409 1641 Cossutius.

63 1655 152 1698 Iste
171 1657 308 1698 nihilo
330 1657 470 1698 minus
491 1657 693 1698 iudicium
713 1655 785 1697 HS
806 1668 905 1699 1000
934 1657 1076 1698 dabat.
1125 1657 1206 1699 Ille
1233 1659 1409 1699 tametsi

13 1726 46 1752 25
65 1718 387 1770 recuperatores
414 1715 465 1757 de
491 1716 667 1757 cohorte
695 1715 913 1757 latronum
940 1716 1024 1756 sibi
1048 1716 1194 1769 parari
1224 1717 1409 1770 videbat,

63 1776 211 1816 tamen
235 1774 438 1816 iudicium
466 1788 509 1815 se
536 1776 810 1829 accepturum
838 1788 929 1815 esse
956 1775 1135 1816 dicebat.
1186 1775 1294 1816 Tum
1326 1775 1408 1816 iste

65 1833 253 1875 maxima
284 1848 387 1875 voce
410 1833 608 1874 Veneriis
640 1833 837 1887 imperat,
869 1836 918 1873 ut
942 1832 1064 1874 Xeno
1098 1833 1276 1887 audiret,
1309 1834 1408 1875 dum

64 1906 131 1933 res
174 1892 402 1946 iudicetur,
446 1891 663 1933 hominem
708 1894 756 1932 ut
797 1891 1042 1946 adservent3
1087 1906 1181 1933 eum
1220 1893 1409 1934 iudicata

65 1950 138 2004 sit,
184 1951 237 1992 ad
278 1965 322 1992 se
360 1953 409 1992 ut
447 1950 677 2004 adducant3
723 1952 765 1991 et
801 1950 911 1991 illud
949 1951 1077 1991 simul
1116 1950 1194 2004 ait,
1239 1966 1284 1992 se
1322 1966 1408 1993 non

13 2019 45 2044 ³0
64 2012 217 2064 putare
248 2009 386 2063 illum,
419 2009 454 2050 si
486 2012 664 2064 propter
697 2009 868 2050 divitias
901 2024 1085 2063 poenam
1119 2009 1406 2051 damnationis

65 2070 369 2121 contemneret,
403 2067 533 2108 etiam
559 2068 705 2123 virgas
733 2070 1093 2121 contempturum.
1142 2068 1236 2109 Hac
1262 2069 1336 2109 ille
1365 2068 1408 2109 vi

65 2129 107 2168 et
121 2127 204 2169 hoo
224 2130 342 2168 metu
363 2127 570 2168 adductus
591 2129 763 2168 tantuin
784 2127 1027 2168 decumanis
1050 2126 1178 2180 dedit,
1199 2130 1407 2181 quantum

62 2185 144 2227 iste
175 2185 416 2240 imperavit.
1421 2225 1444 2242 0

150 2243 457 2286 Polemarehus
509 2246 574 2285 est
617 2242 935 2299 Murgentinus,
986 2245 1051 2285 vir
1095 2244 1232 2285 bonus
1278 2247 1405 2298 atque
1420 2225 1476 2307 {a}

13 2312 45 2337 ³5
62 2302 280 2344 honestus.
346 2303 402 2344 Ei
446 2317 541 2344 cum
584 2317 662 2357 pro
706 2302 926 2357 iugeribus
969 2303 1283 2358 quinquaginta
1321 2318 1405 2344 me-

64 2361 208 2403 dimna
251 2372 342 2404 DCC
387 2361 587 2403 decumae
632 2361 964 2415 imperarentur,
1010 2362 1123 2416 quod
1165 2362 1403 2414 recusabat,

62 2420 234 2462 domum
261 2420 314 2462 ad
339 2420 472 2462 istum
497 2420 543 2461 in
567 2420 633 2461 ius
662 2420 837 2462 eductus
865 2423 930 2461 est
957 2423 1010 2473 et,
1043 2435 1137 2462 cum
1163 2420 1246 2461 iste
1273 2420 1402 2462 etiam

1048 2488 1118 2522 19*
