1618 2584
345 227 433 262 LIB.
462 228 514 262 ΙΙΙ
561 227 662 263 CAP.
689 231 828 263 32—84
854 232 872 270 g
901 232 1095 263 189—194.
1311 229 1395 269 349

52 323 280 364 vecturae?
325 337 408 377 quo
442 338 492 364 ex
524 324 618 365 loco
650 323 694 365 in
727 338 852 378 quem
884 324 1025 365 locum
1059 338 1109 364 ne
1142 324 1394 378 portarent?

51 381 308 423 Philomelio
352 382 603 436 Ephesum?
671 381 825 437 Video,
876 383 976 437 quid
1025 382 1138 423 inter
1183 396 1395 423 annonam

51 440 257 481 interesse
301 441 456 494 soleat,
500 441 641 491 video,
686 444 790 494 quot
835 441 999 483 (11010111
1044 441 1112 482 via
1153 440 1227 493 sit,
1270 441 1394 481 video

51 498 457 540 Philomeliensibus
494 499 708 554 expedire,
749 500 898 553 quanti
929 499 1092 554 Ephesi
1124 499 1181 540 sit
1212 500 1396 540 frumen-

16 568 32 595 5
51 560 161 611 tum,
201 557 300 598 dare
333 558 476 612 potius
509 558 554 598 in
584 557 776 612 Phrygia
809 573 937 612 quam
969 559 1189 613 Ephesum
1220 560 1395 612 portare

52 618 126 657 aut
169 615 222 657 ad
267 616 489 657 emendum
528 616 792 657 frumentum
831 617 1052 670 Ephesum
1089 616 1314 671 pecuniam
1353 618 1395 657 et

50 674 218 729 legatos
245 676 429 716 mittere.
484 675 535 716 In
562 674 709 716 Sicilia
737 689 838 716 vero
871 676 972 729 quid
1004 676 1093 717 eius
1126 675 1242 716 modi
1275 675 1369 716 est?
1399 681 1464 712 192

49 732 204 774 Henna
229 733 542 774 mediterranea
568 736 634 775 est
666 734 860 775 maxime.
911 733 1039 789 Coge,
1070 737 1118 775 ut
1151 734 1203 774 ad
1236 748 1393 788 aquam

49 791 147 845 tibi,
184 792 227 832 id
260 792 372 846 quod
405 792 561 833 summi
591 792 696 833 iuris
730 795 812 846 est,
843 792 1108 834 frumentum
1139 792 1391 833 Hennenses

0 860 31 905 30
51 850 338 892 admetiantur
369 851 437 892 vel
468 851 689 892 Phintiam
720 852 788 892 vel
820 850 1053 892 Halaesam
1087 852 1155 892 vel
1181 850 1393 906 Catinam,

0 908 1 938 3
49 908 143 950 loca
167 909 280 950 inter
306 924 351 951 se
377 924 574 951 maxume
601 910 781 963 diversa,
808 910 956 951 eodem
984 910 1061 963 die,
1094 924 1177 964 quo
1204 910 1392 964 iusseris,

0 943 2 1008 l
48 967 350 1022 deportabunt.
416 968 609 1010 Tametsi
650 982 703 1010 ne
744 971 918 1010 vectura
959 969 1130 1023 quidem
1169 972 1235 1010 est
1272 983 1391 1023 opus.

47 1025 162 1067 Nam
205 1029 324 1068 totus
369 1030 572 1082 quaestus
617 1027 702 1081 1110,
746 1027 924 1081 iudices,
970 1028 1297 1069 aestumationis
1344 1042 1393 1068 ex

49 1100 241 1127 annonae
277 1088 406 1128 natus
445 1089 511 1127 est
547 1086 768 1128 varietate.
831 1086 924 1128 Hoc
964 1087 1076 1127 enim
1109 1087 1392 1142 magistratus

7 1152 30 1179 15
48 1144 93 1184 in
128 1145 350 1197 provincia
388 1144 564 1199 adsequi
601 1147 763 1199 potest,
801 1147 849 1186 ut
886 1145 948 1186 ibi
984 1145 1184 1199 accipiat,
1221 1145 1296 1186 ubi
1329 1148 1394 1186 est

48 1203 328 1245 carissimum.
396 1204 496 1244 Ideo
541 1204 656 1245 valet
700 1204 785 1244 ista
829 1204 940 1245 ratio
980 1204 1309 1245 aestumationis
1349 1204 1395 1245 in

48 1262 172 1315 Asia,
216 1263 330 1303 valet
371 1263 417 1304 in
453 1262 683 1316 Hispania,
728 1263 843 1303 valet
880 1263 926 1303 111
962 1262 1015 1303 115
1053 1262 1306 1317 provinciis,
1349 1262 1395 1303 in

48 1320 201 1374 quibus
245 1336 376 1362 unum
420 1321 606 1376 pretium
650 1321 865 1362 frumento
912 1335 1004 1362 esse
1048 1336 1135 1362 non
1176 1322 1306 1375 solet,
1349 1321 1395 1362 111

49 1378 194 1421 Sicilia
218 1395 318 1421 vero
347 1380 448 1434 quid
474 1380 725 1434 cuiusquam
751 1380 969 1434 intererat,
1003 1394 1086 1434 quo
1119 1380 1213 1421 1000
1242 1380 1394 1421 daret?

15 1449 182 1492 0neque
222 1439 334 1480 enim
369 1439 629 1493 portandum
662 1441 771 1493 erat,
810 1441 870 1493 et,
909 1453 991 1493 quo
1026 1439 1205 1493 quisque
1237 1439 1393 1480 vehere

47 1496 187 1539 iussus
204 1500 327 1552 esset,
341 1498 403 1539 ibi
419 1498 630 1539 tantidem
646 1497 911 1539 frumentum
926 1501 1098 1552 emeret,
1113 1497 1264 1552 quanti
1279 1497 1394 1539 domi

46 1556 319 1597 vendidisset.
376 1556 513 1605 Quam
546 1556 600 1598 ob
633 1570 740 1609 rem,
773 1556 808 1597 si
840 1557 924 1610 vis,
961 1556 1185 1610 Hortensi,
1219 1556 1368 1598 (100010
1397 1561 1464 1594 193

49 1615 210 1669 aliquid
237 1616 290 1656 ab
316 1615 401 1656 isto
428 1615 567 1656 simile
596 1615 642 1656 in
673 1616 986 1656 aestumatione
1021 1617 1148 1669 atque
1182 1629 1208 1656 a
1238 1615 1392 1656 ceteris

49 1688 139 1715 esse
177 1674 359 1728 factum,
398 1674 549 1715 doceas
592 1674 809 1728 oportebit
841 1674 985 1728 aliquo
1017 1674 1063 1715 in
1094 1674 1188 1715 1000
1222 1672 1392 1715 Siciliae

19 1735 245 1788 spraetore
277 1732 411 1774 Verre
449 1732 582 1774 1011115
623 1733 807 1773 denariis
845 1733 980 1774 1111101
1017 1733 1208 1774 modium
1248 1733 1392 1774 fuisse.

136 1791 263 1846 Vide,
308 1807 437 1847 quam
479 1791 562 1832 tibi
600 1791 888 1833 defensionem
926 1792 1220 1846 patefecelim,
1266 1806 1393 1846 quam
1410 1789 1465 1831 84

48 1850 240 1905 iniquam
283 1851 328 1892 in
372 1851 528 1904 500105,
573 1865 702 1904 quam
746 1853 957 1891 remotam
1003 1851 1056 1891 ab
1098 1851 1290 1891 utilitate
1333 1850 1395 1891 rei

47 1909 262 1964 publicae,
308 1924 436 1964 quam
482 1910 719 1951 seiunctam
764 1925 788 1950 a
828 1910 1054 1951 voluntate
1093 1924 1142 1951 ao
1181 1910 1395 1951 sententia

48 1968 169 2023 legis.
231 1968 314 2021 Tu,
359 1983 454 2010 cum
497 1968 579 2009 tibi
624 1982 703 2023 ego
747 1968 1012 2010 frumentum
1049 1968 1094 2009 in
1131 1968 1238 2010 meis
1277 1968 1394 2024 agris

0 2025 31 2071 1)
50 2030 178 2082 atque
210 2027 255 2068 in
286 2043 381 2068 mea
414 2027 608 2080 civitate,
640 2027 819 2080 denique
845 2027 891 2068 in
921 2027 973 2069 iis
1006 2027 1130 2080 10015,
1162 2027 1207 2068 111
1239 2028 1394 2081 quibus

0 2099 12 2130 Β
49 2086 254 2140 versaris,
291 2101 382 2127 rem
416 2086 548 2141 geris,
586 2086 853 2140 provinciam
886 2086 1181 2140 administras,
1216 2088 1394 2141 paratus

0 2144 131 2202 13sim
176 2145 294 2199 dare,
341 2146 548 2201 angulum
593 2144 699 2185 mihi
744 2145 930 2198 aliquem
973 2145 1109 2201 eligas
1148 2145 1394 2199 provinciae

0 2220 11 2247 ,οε
49 2204 316 2246 reconditum
349 2219 396 2246 ao
429 2203 708 2245 derelictum?
744 2203 892 2245 iubeas
923 2204 985 2245 ibi
1017 2219 1084 2245 me
1117 2204 1276 2258 metiri,
1311 2218 1393 2258 quo

2 2279 14 2306 (
49 2265 222 2317 portare
253 2278 340 2305 non
373 2263 588 2318 expediat,
632 2262 705 2303 ubi
738 2277 878 2304 emere
916 2278 1002 2304 non
1033 2263 1226 2318 possim?
1289 2263 1370 2304 Im·
1399 2271 1464 2303 194

5 2338 15 2362 ·,
49 2322 232 2376 probum
269 2322 453 2376 facinus,
491 2322 669 2376 iudices,
705 2335 793 2362 non
828 2321 1068 2376 ferendum,
1106 2322 1267 2362 nemini
1298 2322 1394 2377 lege

4 2396 17 2419 κ
49 2394 314 2434 concessum,
354 2382 427 2423 sed
464 2381 651 2423 fortasse
690 2380 827 2422 adhue
864 2380 909 2421 in
943 2381 1063 2422 nullo
1097 2381 1227 2421 etiam
1261 2380 1394 2421 vindi-

6 2442 25 2478 l:
47 2441 208 2480 catum!
259 2440 423 2482 Tamen
449 2454 529 2497 ego
555 2440 649 2494 hoc,
683 2439 795 2494 quod
821 2439 925 2480 ferri
949 2454 1060 2494 nego
1086 2453 1225 2494 posse,
1254 2438 1393 2487 Verri,
