1618 2584
110 863 177 918 '129

115 2096 180 2127 130

178 225 263 267 322
574 226 626 261 IN
652 226 689 261 0.
715 226 919 261 VERREM
944 226 1052 264 Acr.
1079 227 1123 262 11.

177 322 303 364 istius
324 323 542 377 Apronius
568 323 782 376 reliquum
807 322 921 377 fecit,
954 322 1027 377 qui
1051 325 1197 365 tamen
1222 324 1268 365 in
1294 324 1410 379 agris
1444 339 1520 379 spe

179 384 308 436 atque
335 382 630 437 expectatione
653 381 820 422 Metelli
844 383 1172 424 remanserunt?
1219 383 1357 432 Quid?
1390 383 1520 425 ceteri

179 439 323 495 Siculi,
349 441 479 496 quid?
512 441 586 481 ille
607 440 818 481 maximus
845 455 1048 482 numerus
1077 444 1308 495 aratorum,
1337 442 1410 496 qui
1433 457 1522 483 non

179 500 306 541 modo
345 514 395 540 ex
432 499 548 554 agris
587 499 710 540 eiecti
748 502 865 553 sunt,
904 499 978 541 sed
1016 499 1147 541 etiam
1185 515 1235 541 ex
1271 501 1519 542 civitatibus

180 559 286 612 suis,
319 572 369 599 ex
397 557 619 612 provincia
651 557 831 613 denique
863 558 987 599 bonis
1019 558 1289 613 fortunisque
1322 559 1519 601 omnibus
1540 573 1557 599 5

180 617 338 671 ereptis
362 617 658 672 profugerunt,
686 631 769 672 qua
794 617 961 658 ratione
983 617 1015 658 ii
1040 618 1384 660 revocabuntur?
1417 621 1522 673 quot

178 678 429 731 praetorum
471 676 718 717 innocentia
756 676 1050 730 sapientiaque
1090 691 1197 730 opus
1235 679 1318 732 est,
1361 679 1409 718 ut
1444 677 1522 719 illa

180 737 400 775 aratorum
427 735 659 776 multitudo
688 735 917 790 aliquando
944 735 989 776 in
1015 735 1103 776 suis
1132 735 1247 791 agris
1275 751 1325 778 ac
1350 736 1521 777 sedibus

181 794 446 835 collocetur?

270 852 335 893 Ac
369 867 423 893 ne
462 852 676 893 miremini
713 855 882 895 tantam
914 853 1234 895 multitudinem
1264 854 1522 910 profugisse,
1543 869 1577 894 10

182 914 389 966 quantam
422 926 472 952 ex
503 912 663 953 litteris
694 912 879 967 publicis
913 915 1217 967 aratorumque
1248 913 1523 967 professioni-

179 971 259 1012 bus
310 970 594 1026 cognovistis,
645 971 799 1013 scitote
843 974 1013 1012 tantam
1060 972 1342 1013 acerbitatem
1384 973 1523 1026 istius,

178 1031 351 1071 tantum
377 1030 515 1071 scelus
541 1030 586 1070 in
613 1032 805 1072 aratores
831 1030 964 1071 fuisse
998 1029 1265 1084 (incredibile
1297 1033 1363 1072 est
1395 1031 1523 1085 dictu,

179 1088 351 1143 iudices,
384 1089 457 1130 sed
484 1091 526 1130 et
555 1088 718 1130 factum
750 1091 793 1130 et
824 1091 919 1130 tota
951 1088 1098 1130 Sicilia
1127 1089 1444 1146 pervagatum),
1474 1093 1523 1132 ut

179 1148 376 1189 homines
416 1150 594 1202 propter
631 1148 809 1189 iniurias
848 1148 1153 1203 licentiamque
1192 1149 1523 1191 decumanorum
1544 1162 1576 1189 15

181 1209 365 1248 mortem
393 1206 476 1248 sibi
501 1207 586 1262 ipsi
612 1207 908 1249 consciverint.
964 1206 1290 1262 Centuripinum
1316 1208 1523 1262 Dioclem,

180 1266 400 1307 hominem
429 1266 707 1320 locupletem,
740 1266 1012 1320 suspendisse
1045 1281 1089 1307 se
1121 1269 1309 1321 constat,
1341 1282 1424 1322 quo
1458 1267 1524 1308 die

181 1325 238 1366 sit
264 1325 303 1366 ei
329 1325 577 1366 nuntiatum
597 1324 838 1380 Apronium
872 1325 1070 1367 decumas
1102 1325 1344 1367 redemisse.
1394 1326 1523 1380 Tyra-

181 1384 341 1438 cinum,
391 1384 628 1438 principem
679 1384 886 1437 civitatis,
937 1384 1084 1425 eadem
1127 1385 1295 1426 ratione
1339 1388 1523 1427 mortem

182 1442 399 1497 oppetisse
418 1443 525 1483 dixit
546 1443 658 1498 apud
678 1457 754 1484 vos
775 1443 904 1484 homo
924 1443 1233 1498 nobilissimus,
1253 1443 1522 1486 Archonidas
1543 1458 1576 1484 20

181 1501 427 1556 Helorinus,
453 1516 549 1543 cum
570 1502 760 1543 audisset
779 1504 950 1543 tantum
978 1502 1259 1544 decumanum
1283 1503 1524 1557 professum

183 1575 274 1602 esse
313 1576 363 1602 ex
402 1560 540 1602 edicto
578 1561 704 1602 istius
741 1561 823 1602 sibi
856 1561 1017 1615 deberi,
1056 1564 1263 1616 quantum
1294 1562 1368 1604 ille
1400 1563 1524 1605 bonis

182 1621 270 1662 suis
310 1620 508 1661 omnibus
548 1620 714 1661 efficere
751 1635 838 1661 non
874 1623 1032 1674 posset.
1093 1620 1210 1662 Haec
1245 1624 1311 1676 tu,
1349 1622 1525 1663 tametsi

182 1679 374 1721 omnium
426 1679 650 1720 hominum
707 1679 1066 1721 dissolutissimus
1122 1680 1523 1736 crudelissimusque
1600 1727 1601 1730 Ἴ

182 1753 351 1793 semper
376 1738 511 1793 fuisti,
542 1741 689 1780 tamen
713 1753 950 1793 numquam
980 1741 1262 1794 perpeterere,
1293 1743 1524 1794 propterea
1543 1752 1603 1779 25³<

183 1798 296 1853 quod
333 1798 407 1839 ille
441 1798 627 1853 gemitus
659 1798 885 1852 luctusque
917 1798 1163 1852 provinciae
1196 1799 1249 1839 ad
1274 1799 1339 1839 tui
1370 1799 1523 1854 capitis
1587 1811 1608 1842 ‘⁴

181 1857 419 1911 periculum
457 1857 720 1910 pertinebat3
763 1871 866 1911 non,
910 1857 1104 1911 inquam,
1146 1860 1435 1912 perpeterere,
1475 1861 1524 1899 ut
1599 1888 1607 1901 „

181 1915 378 1957 homines
416 1915 597 1957 iniuriae
635 1917 735 1957 tuae
771 1915 1006 1956 remedium
1042 1918 1181 1957 morte
1213 1931 1262 1958 ac
1294 1917 1523 1971 suspendio
1586 1913 1608 1960 “l

182 1977 453 2029 quaererent,
490 1974 575 2016 nisi
613 1989 662 2015 ea
698 1989 766 2016 res
805 1975 858 2015 ad
897 1977 1122 2029 quaestum
1160 1977 1202 2016 et
1236 1975 1289 2017 ad
1319 1976 1523 2030 praedam
1584 1988 1607 2029 js

181 2037 303 2075 tuam
333 2034 581 2089 pertineret.
1541 2045 1574 2072 30

272 2092 410 2141 Quid?
460 2093 568 2134 illud
606 2093 832 2159 paterere?
894 2092 1137 2147 Attendite,
1174 2093 1352 2148 iudices3
1392 2094 1523 2136 omni·

182 2152 263 2193 bus
290 2152 402 2193 enim
429 2152 535 2193 mihi
560 2152 703 2193 nervis
736 2152 1077 2194 contendendum
1110 2154 1175 2193 est
1208 2155 1336 2206 atque
1368 2153 1413 2194 in
1443 2154 1523 2195 hoc
1583 2171 1585 2204 ς

184 2211 511 2266 elaboiandum,
543 2213 592 2252 ut
622 2226 768 2253 omnes
800 2211 1076 2266 intelleoant,
1110 2226 1238 2266 quam
1269 2212 1523 2267 improbam,
1583 2210 1585 2255 ἶ

185 2285 314 2325 quam
339 2270 626 2324 manifestam,
660 2285 787 2325 quam
814 2270 1054 2312 confessam
1086 2285 1177 2311 rem
1208 2270 1388 2324 pecunia
1418 2271 1523 2312 redi·
1582 2271 1583 2274 ’

185 2344 299 2370 mele
326 2332 512 2371 conetur.
571 2330 710 2371 Giave
742 2329 904 2371 crimen
936 2332 1002 2370 est
1032 2330 1114 2370 hoc
1146 2331 1189 2370 et
1220 2329 1448 2371 vehemens
1481 2331 1522 2371 et
1540 2313 1584 2366 35t

185 2391 283 2441 post
308 2388 531 2430 hominum
558 2388 811 2430 memoriam
836 2388 1076 2442 iudiciaque
1104 2387 1154 2429 de
1186 2388 1376 2442 pecuniis
1408 2403 1523 2443 repe·
1580 2375 1583 2440 f

183 2447 328 2488 tundis
368 2448 604 2489 constituta
643 2447 965 2503 gravissimum,
1003 2449 1248 2502 praetorem
1280 2447 1418 2489 socios
1450 2448 1523 2488 ha-
1580 2444 1582 2491 l

1579 2503 1581 2584 l
