1618 2584
311 245 400 282 LIB.
429 247 443 280 Ι
507 246 608 281 CAP.
636 251 775 281 51—54
801 251 820 288 ς
850 250 1041 282 135—140.
1266 246 1345 286 191

7 341 157 383 (lomus
197 344 288 382 erat
325 356 410 383 non
456 343 696 384 meretricio
742 346 970 394 conventu,
1015 342 1088 383 sed
1131 342 1347 396 praetoria

5 401 134 441 turba
165 400 333 441 referta.
397 399 532 442 Simul
573 417 619 443 ac
658 404 850 455 potestas
883 402 1069 455 primum
1109 401 1208 442 data
1248 404 1324 453 est,
1354 408 1417 439 138

7 459 162 499 adeunt
188 459 245 511 hi,
273 474 378 512 quos
406 460 502 500 dixi.
548 460 755 513 Loquitur
777 459 820 501 C.
842 460 1038 511 Mustius,
1063 474 1152 500 rem
1180 460 1348 500 demon-

6 520 127 569 strat,
160 518 270 571 petit
303 518 519 571 auxilium,
553 520 775 573 pecuniam
808 519 1046 573 pollicetur.
1109 518 1349 572 Respondit

4 576 81 616 illa
107 579 154 616 ut
181 578 381 617 meretrix
408 592 494 618 non
520 578 828 630 inhumaniter,
860 578 1044 618 libenter
1071 577 1131 618 ait
1152 591 1196 618 se
1215 577 1350 618 factu-

4 649 108 686 ram,
135 637 178 675 et
205 649 247 675 se
275 650 370 676 eum
396 636 480 677 isto
510 636 738 691 diligenter
765 636 1165 689 sermocinaturam3
1191 635 1349 676 reverti

3 692 133 734 iubet.
196 693 305 735 Tum
345 694 582 747 discedunt,
621 695 827 748 postridie
860 697 1142 736 revertuntur.
1204 694 1350 748 Negat

2 751 80 792 illa
112 766 237 805 posse
275 752 494 794 hominem
534 753 718 807 exorari,
756 768 1037 808 permagnam
1077 768 1172 794 eum
1211 753 1348 794 dicere

4 824 53 851 ex
85 810 162 851 illa
194 825 239 851 re
271 812 495 865 pecuniam
528 812 677 853 confici
709 826 847 866 posse.

91 868 265 923 Vereor,
292 884 345 911 ne
373 871 465 924 quis
492 870 604 911 forte
632 870 681 910 de
702 871 874 924 populo,
902 871 972 924 qui
993 871 1135 925 priore
1158 870 1324 912 actione
1362 874 1418 915 53

1 942 87 968 non
121 928 269 981 adfuit,
300 929 416 982 haec,
452 929 552 982 quia
583 932 761 983 propter
792 929 1004 982 insignem
1037 929 1346 983 turpitudinem

4 989 102 1027 sunt
129 987 409 1040 incredibilia,
441 988 547 1043 fingi
574 1003 598 1028 a
625 1002 690 1028 me
719 988 964 1028 arbitretur.
1016 987 1080 1028 Ea
1107 1002 1182 1028 vos
1211 990 1347 1041 antea,

2 1045 178 1099 iudices,
216 1047 492 1101 cognovistis.
559 1046 681 1087 Dixit
718 1047 884 1087 iuratus
923 1046 967 1087 P.
1005 1046 1164 1100 Titius,
1205 1049 1324 1087 tutor
1353 1055 1417 1085 139

1 1105 157 1158 pupilli
183 1103 290 1158 Iuni,
325 1105 431 1145 dixit
457 1105 512 1146 M.
538 1105 684 1146 Iunius
718 1108 837 1146 tutor
864 1108 906 1146 et
932 1108 1129 1159 patruus,
1162 1104 1346 1145 Mustius

3 1163 191 1217 dixisset,
224 1164 259 1204 si
292 1164 471 1216 viveret3
506 1164 578 1205 sed
610 1165 770 1205 recenti
802 1179 846 1205 re
880 1164 929 1205 de
961 1164 1121 1205 Mustio
1155 1164 1347 1204 auditum

3 1224 84 1275 est3
123 1222 230 1262 dixit
261 1222 307 1264 L.
338 1222 573 1277 Domitius,
613 1224 684 1277 qui
716 1238 811 1264 cum
845 1223 973 1264 sciret
1005 1237 1072 1263 me
1105 1237 1154 1263 ex
1186 1222 1346 1263 Mustio

2 1281 99 1322 vivo
145 1281 331 1335 audisse,
377 1282 487 1336 quod
533 1297 580 1323 eo
624 1297 717 1322 511111
756 1297 857 1323 115115
896 1282 1131 1335 plurimum
1169 1280 1347 1336 (etenim

1 1339 220 1393 iudicium,
272 1340 384 1394 quod
433 1356 565 1395 prope
611 1341 802 1382 omnium
850 1341 1123 1381 fortunarum
1175 1354 1348 1381 suarum

3 1397 47 1439 C.
73 1398 257 1440 Mustius
284 1400 448 1450 habuit,
481 1415 547 1440 me
573 1414 657 1442 uno
686 1399 936 1441 defendente
962 1399 1094 1454 vicit),
1128 1414 1222 1440 cum
1255 1399 1347 1452 hoc,

1 1460 49 1498 ut
76 1458 180 1511 dico,
213 1459 341 1499 sciret
363 1458 407 1499 L.
427 1458 658 1511 Domitius,
684 1473 751 1499 me
779 1459 885 1500 scire
913 1458 965 1498 ad
992 1473 1088 1499 eum
1111 1472 1178 1498 res
1200 1472 1347 1498 omnes

0 1515 208 1557 Mustium
254 1518 429 1558 solitum
473 1532 565 1559 esse
610 1518 790 1571 deferre,
834 1520 981 1558 tamen
1026 1517 1075 1558 de
1114 1516 1347 1558 Chelidone

1 1575 184 1627 reticuit,
218 1576 357 1629 quoad
389 1576 542 1630 potuit,
576 1577 660 1617 alio
688 1577 1011 1630 responsionem
1039 1590 1160 1616 suam
1188 1575 1348 1615 deriva-

1 1633 76 1673 vit.
138 1633 302 1675 Tantus
334 1635 378 1675 in
411 1635 680 1676 adulescente
714 1635 952 1675 clarissimo
986 1649 1034 1675 ac
1065 1634 1256 1688 principe
1288 1634 1348 1674 iu-

0 1693 189 1734 ventutis
212 1693 349 1747 pudor
369 1693 462 1746 fuit,
489 1696 537 1734 ut
557 1694 746 1747 aliquam
768 1694 849 1746 diu,
876 1708 970 1734 cum
992 1708 1016 1734 a
1041 1708 1109 1734 me
1134 1707 1348 1747 premere-

1 1753 89 1804 tur,
158 1753 301 1793 omnia
355 1753 499 1806 potius
550 1753 828 1806 responderet
884 1767 1012 1806 quam
1069 1751 1347 1792 Chelidonem

1 1810 262 1864 nominaret3
295 1811 435 1865 primo
463 1811 728 1853 necessarios
761 1811 885 1852 istius
920 1811 972 1851 ad
999 1825 1094 1851 eum
1122 1811 1347 1865 adlegatos

3 1882 94 1910 esse
139 1869 324 1922 dicebat,
376 1869 524 1911 deinde
570 1870 799 1924 aliquando
850 1872 1022 1911 coactus
1068 1868 1346 1910 Chelidonem

1 1928 251 1969 nominavit.
306 1927 406 1969 Non
432 1932 474 1969 te
501 1929 643 1983 pudet,
677 1928 845 1982 Verres,
879 1929 967 1970 eius
995 1928 1186 1969 mulieris
1214 1928 1323 1969 arbi-
1352 1935 1417 1966 140

2 1989 118 2028 tratu
165 1987 347 2042 gessisse
392 1991 658 2041 praeturam,
704 2003 832 2042 quam
870 1987 915 2028 L.
954 1987 1170 2028 Domitius
1210 1987 1263 2028 ab
1303 2001 1347 2028 se

2 2046 214 2086 nominari
246 2046 316 2087 vix
348 2046 430 2087 sibi
462 2046 691 2088 honestum
725 2061 815 2087 esse
850 2045 1172 2087 arbitrabatur?

88 2104 250 2146 Reiecti
279 2120 303 2146 a
329 2103 562 2147 Chelidone
589 2106 764 2159 capiunt
790 2106 1016 2146 consilium
1045 2104 1345 2157 necessarium,
1361 2107 1416 2148 54

2 2165 50 2203 ut
94 2164 329 2218 suscipiant
373 2164 457 2217 ipsi
498 2165 732 2218 negotium.
801 2163 907 2205 Cum
946 2164 1146 2205 Habonio
1191 2166 1346 2216 tutore,

3 2222 113 2274 quod
146 2225 237 2263 erat
269 2222 339 2263 vix
365 2222 437 2264 HS
473 2223 760 2278 quadraginta
787 2223 965 2275 milium,
997 2223 1247 2277 transigunt
1273 2220 1345 2262 HS

4 2279 191 2322 ducentis
225 2282 412 2322 milibus.
470 2281 621 2322 Defert
654 2282 706 2322 ad
738 2282 868 2322 istum
902 2296 992 2322 rem
1024 2281 1267 2334 Habonius,
1298 2283 1346 2321 ut

4 2338 85 2380 sibi
115 2340 322 2394 videatur,
355 2340 461 2381 satis
496 2341 701 2396 grandem
734 2340 958 2394 pecuniam
992 2343 1033 2381 et
1066 2340 1172 2380 satis
1207 2340 1346 2394 impu-

4 2396 169 2439 dentem
197 2413 299 2440 esse.
350 2398 449 2452 Iste,
484 2400 555 2453 qui
582 2400 803 2453 aliquanto
830 2399 927 2453 plus
955 2399 1201 2454 cogitasset,
1234 2398 1346 2439 male

3 2457 155 2511 accipit
180 2458 322 2499 verbis
348 2457 608 2512 Habonium,
639 2461 771 2513 negat
798 2472 894 2499 eum
923 2458 1004 2499 sibi
1030 2458 1107 2499 illa
1134 2457 1345 2499 decisione
