1618 2584
0 0 1618 169 ⁸—l

174 214 261 254 416
576 214 626 248 IN
653 214 690 249 C.
715 214 915 248 VERREM
941 214 1044 249 ACT.
1071 215 1114 248 ΙΙ.
1596 177 1598 240 l

177 311 463 352 meretriciam
514 311 687 351 domum
737 309 975 351 transtulit.
1042 309 1213 365 Viginti
1261 312 1304 352 et
1350 313 1516 365 septem

176 372 398 424 praeterea
436 369 609 410 tabulas
648 368 933 422 pulcherrime
972 367 1109 421 pictas
1149 383 1198 409 ex
1234 370 1381 410 eadem
1414 370 1515 411 aede

176 428 371 481 sustulit,
408 428 453 468 in
492 427 646 481 quibus
685 429 807 468 erant
842 426 1051 481 imagines
1084 425 1253 469 Siciliae
1285 442 1434 483 regum
1468 443 1517 469 ac

175 490 477 540 tyrannorum,
522 500 630 540 quae
673 500 760 527 non
801 485 940 526 solum
978 485 1192 540 pictorum
1231 486 1411 528 artificio
1451 487 1516 528 de-

176 545 414 598 lectabant,
464 544 538 586 sed
583 544 713 585 etiam
756 544 1163 586 commemoratione
1207 543 1430 586 hominum
1475 548 1552 586 et5
1596 550 1597 555 ’

177 604 422 659 cognitione
448 602 698 644 formarum.
755 602 818 645 Ac
850 603 1009 656 videte,
1042 605 1203 657 quanto
1236 604 1417 645 taetrior
1448 604 1516 646 hic

176 665 385 716 tyrannus
419 660 698 716 Syracusanis
738 661 869 702 fuerit
908 676 1036 716 quam
1070 662 1296 715 quisquam
1330 662 1517 717 superio-

176 736 270 762 rum
298 736 522 774 umquamz,
553 720 619 761 illi
645 723 791 761 tamen
817 723 1025 761 ornarunt
1052 721 1216 774 templa
1242 720 1417 762 deorum
1443 721 1519 762 im-

177 780 439 833 mortalium,
470 779 540 821 hic
566 779 697 821 etiam
723 779 898 821 illorum
928 781 1208 820 monumenta
1237 782 1365 834 atque
1397 794 1518 821 orna·
1594 826 1595 830 Ἰ

177 841 323 880 menta
355 838 544 880 sustulit.
1539 850 1572 877 1⁰
1594 852 1618 881 ’,ι

107 876 174 958 ξηί
264 896 356 938 Iam
383 912 484 939 vero
512 897 613 951 quid
639 910 719 952 ego
750 897 800 938 de
831 896 971 938 valvis
1003 896 1120 938 illius
1153 897 1305 951 templi
1338 912 1518 939 comme·
1594 892 1595 925 l

133 950 149 958 ”
178 956 370 998 morem?
425 955 605 1009 Vereor,
643 970 713 1009 ne,
750 956 856 997 haec
895 956 966 1010 qui
1005 970 1091 997 non
1122 955 1338 1010 viderunt,
1377 957 1520 999 omnia

177 1029 245 1056 me
264 1014 394 1056 nimis
415 1029 571 1070 augere
593 1018 722 1068 atque
746 1029 898 1055 ornare
926 1014 1208 1068 arbitrentur,
1235 1015 1348 1069 quod
1374 1017 1519 1057 tamen
1593 1061 1595 1072 ¹

176 1088 301 1115 nemo
342 1073 551 1129 suspicari
589 1074 731 1127 debet,
769 1076 859 1114 tam
893 1087 984 1114 esse
1018 1088 1084 1115 me
1117 1073 1336 1128 cupidum,
1374 1076 1422 1115 ut
1453 1077 1520 1116 tot
1593 1073 1594 1105 l

177 1133 292 1174 viros
319 1132 549 1187 primarios
576 1132 718 1186 velim,
750 1132 1006 1186 praesertim
1033 1147 1082 1173 ex
1111 1132 1297 1174 iudicum
1329 1147 1518 1187 numero,
1540 1144 1571 1170 15
1593 1135 1617 1196 ¹

178 1191 251 1245 qui
284 1190 505 1245 Syracusis
536 1191 715 1245 fuerint,
752 1191 823 1245 qui
855 1191 961 1232 haec
992 1191 1194 1244 viderint,
1227 1205 1319 1232 esse
1351 1192 1519 1233 temeri-

177 1250 259 1291 tati
281 1253 323 1291 et
343 1250 563 1292 mendacio
585 1264 679 1291 meo
700 1249 903 1292 conscios.
946 1248 1210 1291 Confirmare
1237 1250 1317 1292 hoc
1344 1250 1520 1305 liquido,

177 1308 349 1363 iudices,
374 1323 564 1363 possum,
590 1309 738 1350 valvas
760 1308 1163 1363 magnificentiores,
1190 1323 1239 1349 ex
1260 1324 1363 1351 auro
1391 1312 1519 1363 atque

178 1368 306 1409 ebore
354 1367 650 1422 perfectiores,
699 1368 841 1408 nullas
886 1382 1090 1421 umquam
1133 1367 1223 1409 ullo
1267 1368 1312 1408 in
1355 1368 1518 1422 templo
1592 1414 1593 1417 Ἴ

177 1426 322 1467 fuisse.
384 1426 640 1467 Incredibile
679 1427 795 1468 dictu
834 1428 916 1479 est,
955 1441 1084 1480 quam
1122 1426 1248 1467 multi
1281 1426 1433 1468 Graeci
1469 1427 1518 1468 de
1539 1438 1614 1471 201;

178 1485 332 1526 harum
376 1485 599 1526 valvarum
644 1485 962 1539 pulchritudine
1007 1485 1213 1537 scriptum
1255 1485 1519 1539 reliquerint.

178 1543 372 1585 Nimium
415 1543 600 1585 forsitan
643 1543 749 1585 haec
792 1544 858 1584 illi
902 1544 1111 1585 mirentur
1153 1546 1281 1598 atque
1323 1544 1518 1599 efferant,

179 1605 290 1656 esto,
321 1617 469 1644 verum
496 1605 642 1644 tamen
667 1602 891 1644 honestius
918 1605 984 1644 est
1012 1603 1073 1644 rei
1105 1603 1302 1657 publicae
1333 1606 1519 1658 nostrae,

178 1661 350 1715 iudices,
382 1676 444 1714 ea,
477 1677 584 1715 quae
610 1661 699 1703 illis
732 1662 913 1715 pulchra
945 1675 1037 1703 esse
1070 1661 1307 1715 videantur,
1339 1662 1520 1717 impera—

178 1723 318 1762 torem
343 1723 541 1762 nostrum
567 1720 611 1761 in
637 1720 752 1762 bello
780 1720 1004 1774 reliquisse
1038 1734 1166 1774 quam
1198 1723 1442 1775 praetorem
1474 1721 1519 1762 in
1539 1731 1570 1758 25
1610 1742 1618 1764 ιι

179 1793 282 1833 pace
304 1779 547 1821 abstulisse.
591 1778 657 1820 Ex
678 1779 805 1820 ebore
827 1778 1156 1834 diligentissime
1181 1779 1370 1833 perfecta
1397 1794 1519 1835 argu—

178 1841 324 1879 menta
362 1840 484 1879 erant
521 1838 566 1878 in
598 1838 753 1891 valvis,
791 1852 840 1879 ea
873 1837 1136 1879 detrahenda
1168 1838 1333 1879 curavit
1366 1839 1519 1880 omnia.

179 1896 396 1951 Gorgonis
434 1911 481 1937 os
517 1896 854 1951 pulcherrimum
886 1896 1072 1938 cinctum
1106 1897 1317 1952 anguibus
1350 1898 1520 1939 revellit

179 1957 308 2009 atque
335 1955 528 2009 abstulit,
561 1958 603 1997 et
635 1958 781 1996 tamen
813 1955 1019 1996 indicavit
1051 1969 1095 1997 se
1127 1970 1215 1997 non
1248 1956 1387 1997 solum
1420 1957 1520 1998 arti-

178 2014 293 2068 ficio,
332 2014 405 2055 sed
444 2014 574 2055 etiam
613 2014 752 2069 pretio
793 2017 1056 2068 quaestuque
1095 2014 1206 2069 duci,
1244 2030 1343 2056 nam
1377 2015 1518 2057 bullas
1539 2026 1613 2056 3οκ

180 2087 331 2114 aureas
376 2087 523 2115 omnes
569 2088 618 2114 ex
662 2073 715 2114 iis
759 2073 915 2127 valvis,
960 2087 1067 2127 quae
1113 2076 1235 2114 erant
1276 2074 1438 2116 multae
1478 2077 1520 2116 et

180 2146 346 2186 graves,
377 2146 465 2173 non
491 2132 706 2174 dubitavit
733 2132 919 2186 auferre3
953 2147 1133 2186 quarum
1160 2132 1242 2174 iste
1274 2147 1360 2174 non
1393 2148 1519 2188 opere

180 2190 492 2245 delectabatur,
531 2191 604 2232 sed
641 2191 840 2246 pondere.
901 2190 1053 2245 Itaque
1092 2191 1181 2233 eius
1220 2191 1334 2232 modi
1371 2193 1519 2234 valvas

179 2249 372 2303 reliquit,
410 2252 474 2304 ut,
514 2265 621 2305 quae
661 2250 764 2292 olim
802 2250 854 2291 ad
887 2250 1124 2292 ornandum
1156 2251 1365 2305 templum
1399 2253 1521 2293 erant

179 2323 395 2363 maxume,
444 2324 556 2350 nunc
605 2311 775 2350 tantum
821 2309 873 2350 ad
918 2309 1199 2350 claudendum
1243 2308 1384 2351 factae
1429 2324 1520 2351 esse
1539 2312 1610 2353 35³¹

112 2373 175 2404 2⁶25
202 2367 439 2409 videantur.
493 2367 693 2409 Etiamne
721 2367 965 2423 gramineas
992 2368 1142 2409 hastas
1171 2367 1278 2421 (vidi
1306 2369 1418 2409 enim
1445 2383 1520 2410 vos

178 2424 221 2466 in
257 2426 338 2467 hoc
369 2426 560 2480 nomine,
599 2442 694 2468 cum
728 2427 853 2467 testis
887 2427 1063 2481 diceret,
1096 2427 1357 2469 commoveri
1391 2427 1521 2482 [quod
