1618 2584
111 905 152 935 31

178 211 266 251 440
573 209 625 244 IN
652 209 689 244 C.
716 209 920 243 VERREM
944 210 1051 246 ACT.
1075 211 1120 245 Π.

181 321 277 347 811111
320 320 396 360 per
440 306 540 348 illos
586 305 674 346 dies
712 320 837 347 nemo
878 308 999 347 extra
1035 306 1160 348 illum
1199 307 1340 349 locum
1378 307 1520 350 videre

179 367 338 420 posset.
398 364 450 406 In
489 379 584 406 eum
624 366 767 405 autem
803 364 943 419 ipsum
976 365 1118 406 locum
1151 365 1292 407 aditus
1327 369 1419 407 erat
1449 381 1520 408 ne-

179 424 303 477 mini,
340 423 424 465 nisi
462 422 534 477 qui
572 425 647 465 aut
685 422 823 465 socius
862 425 937 465 aut
975 424 1172 465 minister
1203 424 1395 466 libidinis
1428 440 1520 467 esse

179 485 338 538 posset.
406 481 501 523 Huc
545 496 693 523 omnes
737 482 956 537 mulieres,
1003 482 1256 537 quibuscum
1299 483 1381 525 iste
1426 499 1521 526 con-

181 544 343 595 suerat,
384 540 712 595 conveniebant,
751 555 931 595 quarum
968 541 1217 584 incredibile
1256 544 1322 584 est
1360 545 1558 597 quantaf.
1615 547 1618 571 ⁵

181 600 413 643 multitudo
451 599 582 641 fuerit
615 598 855 654 Syracusis3
893 600 976 642 huc
1013 601 1209 642 homines
1245 601 1365 657 digni
1396 602 1521 643 istius

181 658 382 712 amicitia,
415 658 535 714 digni
560 659 650 700 vita
681 659 759 700 illa
790 659 1082 714 conviviisque
1115 659 1355 701 veniebant.
1404 660 1522 702 Inter

181 718 270 760 eius
298 717 414 759 modi
440 718 556 759 viros
584 720 626 759 et
653 718 853 759 mulieres
881 719 1029 760 adulta
1061 721 1203 760 aetate
1235 719 1350 760 filius
1382 734 1522 761 versa-

180 778 321 831 batur,
352 778 401 819 ut
430 791 538 831 eum,
572 776 743 818 etiamsi
773 779 930 818 natura
961 792 985 818 a
1016 778 1207 832 parentis
1241 777 1522 819 similitudine

182 835 417 890 abriperet,
460 835 722 878 consuetudo
761 838 908 878 tamen
946 851 994 878 ac
1032 836 1259 891 disciplina
1295 837 1432 891 patris
1471 837 1521 878 si-
1545 851 1579 876 10

182 895 328 936 milem
373 909 465 936 esse
509 897 694 949 cogeret.
761 894 857 936 Huc
894 895 1039 937 Tertia
1082 895 1158 936 illa
1201 896 1406 951 perducta
1448 911 1524 950 per

182 954 327 996 dolum
354 956 483 1008 atque
509 953 686 995 insidias
715 954 787 1005 [ab
814 953 983 996 Rhodio
1012 954 1205 1007 tibicine]
1239 954 1447 996 maximas
1480 955 1524 996 in

180 1013 305 1054 istius
357 1012 511 1055 castris
560 1013 747 1054 effecisse
793 1012 949 1054 dicitur
991 1013 1162 1068 turbas,
1210 1028 1306 1055 cum
1349 1013 1523 1069 indigne

181 1074 403 1127 pateretur
440 1086 547 1113 uxor
579 1070 820 1113 Cleomenis
849 1070 1122 1126 Syracusani,
1159 1072 1319 1114 nobilis
1358 1073 1524 1127 mulier,

181 1132 371 1185 itemque
402 1145 510 1172 uxor
530 1130 826 1184 Aeschrionis,
858 1130 1040 1172 honesto
1074 1131 1167 1173 loco
1200 1134 1321 1185 nata,
1352 1131 1398 1172 in
1429 1146 1523 1174 con·
1544 1145 1577 1170 15

181 1192 357 1231 ventum
386 1204 509 1231 suum
536 1189 656 1230 mimi
682 1189 838 1230 Isidori
864 1190 999 1231 filiam
1031 1190 1207 1232 venisse.
1259 1191 1346 1231 Iste
1380 1193 1523 1232 autem

181 1249 414 1303 Hannibal,
447 1248 520 1303 qui
546 1248 591 1289 in
618 1248 704 1290 suis
731 1248 884 1290 castris
918 1249 1077 1290 virtute
1109 1252 1281 1304 putaret
1314 1252 1523 1304 oportere,

180 1323 268 1350 non
300 1322 454 1363 genere
487 1307 660 1361 certari,
693 1307 753 1349 sic
784 1307 895 1349 hanc
927 1307 1119 1349 Tertiam
1152 1308 1318 1362 dilexit,
1350 1311 1398 1349 ut
1430 1324 1523 1350 eam

116 1366 326 1408 1358811111
353 1382 403 1408 ex
435 1366 656 1421 provincia
689 1366 947 1421 deportaret.
1002 1366 1066 1408 Ac
1094 1381 1170 1421 per
1202 1381 1274 1408 eos
1307 1367 1396 1408 dies
1428 1382 1524 1409 cum

111 2435 154 2466 33

182 1427 263 1467 iste
304 1440 400 1467 cum
423 1425 571 1491 pallio
610 1440 824 1479 purpureo
863 1425 1073 1480 talarique
1105 1426 1250 1467 tunica
1280 1429 1524 1468 118153118111·
1544 1440 1578 1465 20

181 1484 227 1526 in
264 1484 472 1526 conviviis
511 1484 812 1538 muliebribus,
850 1499 936 1526 non
972 1485 1298 1526 offendebantur
1328 1485 1523 1527 homines

181 1558 319 1598 neque
364 1543 545 1585 moleste
588 1542 786 1584 ferebant
824 1544 974 1585 abesse
1012 1559 1037 1585 a
1072 1543 1166 1585 foro
1206 1544 1525 1599 magistratum,

182 1617 268 1644 non
295 1602 361 1644 ius
388 1602 482 1656 dici,
507 1616 595 1643 non
620 1602 775 1644 iudicia
801 1602 911 1656 fier1'3
944 1602 1085 1644 locum
1110 1602 1234 1644 illum
1262 1603 1403 1644 litoris
1430 1618 1525 1657 per-

183 1676 357 1716 crepare
378 1663 519 1703 totum
541 1661 770 1702 mulierum
790 1661 967 1703 vocibus
994 1664 1205 1716 cantuque
1232 1662 1524 1717 symphoniae,

181 1720 227 1762 in
250 1720 346 1762 foro
374 1720 594 1761 silentium
626 1734 719 1761 esse
752 1734 967 1762 summum
1000 1735 1225 1762 causarum
1258 1723 1386 1775 atque
1418 1721 1522 1762 iuris
1544 1733 1577 1759 25

181 1794 269 1821 non
304 1778 504 1821 ferebant
541 1779 737 1820 homines
775 1780 974 1834 moleste,
1010 1794 1097 1822 non
1132 1779 1244 1821 enim
1276 1780 1342 1820 ius
1375 1780 1524 1822 abesse

182 1838 409 1880 videbatur
447 1853 472 1879 a
508 1837 603 1879 foro
636 1852 772 1892 neque
804 1838 977 1893 iudicia,
1016 1839 1089 1880 sed
1120 1838 1185 1879 vis
1219 1840 1262 1879 et
1291 1839 1523 1880 crudelitas

183 1900 225 1939 et
257 1898 468 1938 bonorum
501 1896 656 1938 acerba
688 1899 730 1938 et
761 1897 939 1952 indigna
971 1897 1166 1951 direptio.

270 1955 396 1998 Hunc
433 1958 481 1997 tu
518 1955 654 2011 igitur
690 1955 996 2010 imperatorem
1035 1971 1128 1997 esse
1166 1955 1375 2009 defendis,
1415 1955 1523 1998 Hor-

182 2014 322 2056 tensi?
355 2014 482 2056 huius
508 2014 637 2068 furta,
669 2015 856 2069 rapinas,
888 2015 1179 2070 cupiditatem,
1212 2015 1523 2070 crudelitatem,
1543 2027 1578 2054 3⁰

182 2073 448 2129 superbiam,
486 2074 643 2127 scelus,
676 2074 899 2115 audaciam
932 2089 1073 2115 rerum
1107 2076 1327 2130 gestarum
1359 2075 1524 2130 magni-

181 2133 328 2175 tudine
378 2135 507 2187 atque
557 2132 848 2187 imperatoriis
893 2133 1091 2174 laudibus
1135 2136 1281 2188 tegere
1325 2134 1523 2175 conaris?

183 2192 263 2234 Hic
289 2191 454 2233 scilicet
483 2194 550 2233 est
581 2192 869 2246 metuendum,
900 2207 952 2233 ne
986 2192 1039 2233 ad
1071 2192 1232 2233 exitum
1265 2191 1524 2234 defensionis

181 2253 280 2292 tuae
301 2252 424 2292 vetus
445 2251 522 2292 illa
536 2249 786 2292 Antoniana
806 2250 970 2292 dicendi
993 2251 1105 2292 ratio
1133 2253 1259 2304 atque
1287 2251 1522 2293 auctoritas

180 2309 439 2365 proferatur,
464 2324 516 2351 ne
538 2309 746 2352 excitetur
760 2308 930 2363 Verres,
956 2324 1008 2351 ne
1030 2309 1265 2351 denudetur
1289 2325 1313 2351 a
1338 2312 1523 2364 pectore,
1543 2320 1576 2347 3⁵

179 2383 233 2410 ne
266 2368 485 2411 cicatrices
518 2369 703 2423 populus
736 2369 956 2410 Romanus
988 2369 1182 2424 aspiciat,
1214 2383 1263 2409 ex
1296 2369 1524 2410 mulierum

183 2441 329 2469 morsu
367 2427 553 2484 vestigia
590 2427 779 2469 libidinis
814 2430 942 2483 atque
973 2427 1201 2483 nequitiae.
1264 2427 1320 2469 Di
1350 2427 1525 2482 faciant,
