1685 2574
153 862 206 901 21

154 913 196 943 58

223 82 279 123 50
446 82 540 117 PRO
568 68 668 117 snx.
696 82 868 118 Roscio
894 82 1116 117 AMEfflno
1144 83 1336 119 ORATIO.

221 178 433 233 videmus;
469 193 546 220 vos
585 181 729 220 autem
761 178 944 219 maxime
977 179 1140 220 debetis
1172 180 1217 220 in
1249 193 1321 220 eos
1352 179 1560 234 impetum

221 236 378 291 facere,
422 237 495 291 qui
532 240 761 278 merentur.
822 236 914 278 Hoc
951 237 1111 291 populo
1152 238 1448 293 gratissimum
1486 242 1562 280 est.

221 294 404 349 Deinde,
442 296 477 336 si
515 296 688 348 voletis,
727 295 856 336 etiam
894 298 1004 347 tum,
1043 310 1138 336 cum
1175 296 1266 337 veri
1305 297 1443 337 simile
1482 297 1562 337 erit

223 354 410 407 aliquem
449 354 730 405 commisisse,
769 354 813 394 in
851 354 1089 407 suspicione
1127 354 1351 408 latratote3
1389 355 1432 395 id
1464 370 1561 409 quo-

223 427 304 466 que
331 413 502 454 concedi
528 415 684 466 potest.
740 411 815 452 Sin
842 415 984 453 autem
1018 412 1077 453 sic
1110 413 1260 468 agetis,
1292 416 1338 454 ut
1369 414 1596 468 arguatis5

223 471 410 525 aliquem
455 473 621 525 patrem
661 471 863 512 occidisse
900 485 1037 525 neque
1075 470 1213 512 dicere
1251 472 1446 526 possitis,
1491 475 1563 513 aut

224 544 354 584 quare
381 531 455 570 aut
481 543 564 583 quo
591 529 730 583 modo,
763 544 810 571 ac
835 531 1006 570 tantum
1040 530 1166 571 modo
1200 530 1289 570 sine
1324 531 1564 584 suspicione

222 587 459 640 latrabitis,
503 603 628 629 crura
666 588 834 642 quidem
874 588 996 629 vobis
1033 603 1158 629 nemo
1198 588 1442 642 suffringet,
1479 589 1563 642 sed,

224 647 259 687 si
298 661 377 701 ego
415 646 494 687 hos
533 647 641 688 bene
675 647 793 699 novi,
831 647 1022 687 litteram
1054 647 1193 700 illam,
1226 647 1292 688 cui
1324 661 1399 688 vos
1431 661 1563 701 usque

224 719 272 745 eo
316 705 478 746 inimici
522 705 645 758 estis,
688 708 736 746 ut
781 705 910 746 etiam
952 705 1046 746 Kal.
1084 706 1221 747 omnis
1264 705 1458 758 oderitis,
1501 706 1613 747 itam

222 763 497 805 vehementer
545 764 597 805 ad
641 766 769 819 caput
813 764 1018 819 adfigent,
1065 767 1112 805 ut
1156 767 1308 818 postea
1349 764 1563 806 neminem

224 822 357 863 alium
388 822 471 863 nisi
502 822 700 863 fortunas
731 825 898 863 vestras
932 837 1130 864 accusare
1162 823 1351 876 possitis.
1561 837 1564 841 ’

312 880 421 928 Quid
442 881 548 922 mihi
568 882 621 922 ad
648 881 954 922 defendendum
982 881 1148 933 dedisti,
1174 881 1284 922 bone
1311 882 1563 923 accusator?

224 939 324 993 quid
344 939 460 980 hisce
487 943 631 981 autem
658 940 710 981 ad
737 940 1069 994 suspicandum?
1117 938 1171 980 ‘N
1176 954 1196 980 e
1223 939 1563 994 exheredaretur,

223 998 383 1039 veritus
417 998 512 1040 est.²
568 999 720 1052 Audio,
753 999 826 1040 sed
853 1014 937 1052 qua
964 999 1013 1039 de
1039 1013 1168 1040 causa
1193 999 1329 1039 vereri
1359 999 1562 1052 debuerit,
1583 1011 1612 1037 15

222 1071 348 1098 nemo
388 1057 500 1098 dicit.
558 1057 780 1098 ‘Habebat
814 1060 938 1112 pater
968 1057 1013 1098 in
1045 1056 1215 1098 animo?
1272 1057 1455 1098 Planum
1486 1057 1564 1099 fac.

222 1115 344 1156 Nihil
389 1118 472 1169 est3
513 1130 619 1170 non,
658 1117 827 1170 quicum
867 1116 1131 1168 deliberarit,
1177 1131 1303 1169 quem
1341 1116 1564 1157 certiorem

183 1174 389 1227 ‘'fecerit,
421 1174 531 1216 unde
556 1175 671 1215 istud
698 1175 820 1216 vobis
854 1175 1062 1229 suspicari
1093 1175 1137 1214 in
1170 1178 1356 1215 mentem
1389 1175 1564 1216 venerit.

154 1709 196 1740 59

223 1231 332 1274 Cum
357 1233 439 1274 hoc
465 1233 590 1275 modo
619 1248 804 1285 accusas,
830 1233 969 1286 Eruci,
996 1248 1137 1274 nonne
1164 1233 1244 1274 hoc
1269 1234 1414 1287 palam
1441 1233 1562 1275 dicis:

224 1291 334 1346 ‘Ego
363 1292 463 1346 quid
496 1293 747 1346 acceperim,
781 1293 884 1345 scio,
918 1292 1019 1345 quid
1052 1292 1207 1343 dicam,
1239 1292 1399 1345 nesci03
1433 1307 1562 1333 unum
1581 1305 1612 1330 20

213 1350 331 1391 illud
357 1351 560 1404 spectavi,
593 1351 705 1404 quod
732 1349 1039 1405 Chrysogonus
1066 1351 1221 1401 aiebat,
1251 1351 1465 1392 neminem
1492 1351 1562 1391 isti
1640 1354 1643 1384 ¹,

223 1411 454 1463 patronum
497 1409 708 1463 futurum3
752 1409 802 1450 de
840 1410 1049 1450 bonorum
1089 1410 1305 1464 emptione
1344 1409 1477 1463 deque
1516 1425 1563 1450 ea

224 1467 430 1509 societate
472 1468 687 1509 neminem
732 1482 824 1509 esse
870 1467 942 1522 qui
986 1467 1163 1508 verbum
1206 1468 1345 1508 facere
1390 1468 1563 1509 auderet

223 1525 304 1568 hoc
333 1527 571 1581 tempore'?
606 1525 725 1568 Haec
751 1529 793 1567 te
821 1526 964 1581 opinio
990 1525 1102 1567 falsa
1133 1526 1338 1567 invistam
1369 1526 1560 1568 fraudem

223 1585 414 1640 impulit3
439 1599 525 1626 non
546 1585 809 1627 mehercules
834 1585 1011 1626 verbum
1037 1585 1223 1638 fecisses,
1250 1585 1285 1625 si
1311 1585 1392 1626 tibi
1420 1600 1562 1637 quem·
1581 1598 1610 1623 25

225 1659 352 1698 quam
377 1658 690 1698 *responsurum
722 1647 931 1698 putasses.

313 1702 478 1756 Operae
521 1703 707 1757 pretium
746 1706 855 1755 erat,
899 1703 935 1743 si
968 1702 1355 1755 animadvertistis,
1393 1703 1562 1755 iudices,

223 1760 544 1816 neglegentiam
588 1761 677 1802 eius
715 1761 760 1801 in
798 1761 1034 1802 accusando
1073 1761 1353 1802 considerare.
1385 1759 1561 1814 ,Credo,

224 1834 318 1861 cum
346 1819 535 1873 vidisset,
568 1820 641 1873 qui
665 1819 861 1861 homines
888 1820 932 1861 in
958 1820 1074 1860 hisce
1107 1820 1323 1860 subselliis
1357 1820 1560 1874 sederent,

224 1877 459 1932 quaesisse,
497 1893 598 1919 num
638 1878 711 1919 1110
750 1881 824 1919 aut
859 1879 932 1919 ille
965 1879 1213 1919 delensurus
1246 1881 1375 1931 esset3
1414 1878 1463 1919 de
1496 1893 1560 1919 me
1578 1890 1608 1915 3⁰
1662 1869 1681 1923 ᾖ

222 1951 275 1978 110
302 1937 567 1991 suspicatum
595 1937 763 1990 quidem
790 1952 894 1991 esse,
926 1937 1039 1991 quod
1065 1940 1191 1978 antea
1223 1911 1395 1978 causali]
1427 1937 1562 1992 publi-

224 2010 316 2037 cam
359 1996 525 2036 nullam
569 1996 759 2037 dixerim.
827 1996 1113 2049 Posteaquam
1150 1996 1314 2037 invenit
1350 1996 1561 2037 neminem

224 2069 382 2107 eorum,
416 2054 488 2108 qui
519 2057 701 2108 possunt
733 2057 776 2095 et
809 2055 961 2108 solent,
991 2055 1054 2095 ita
1084 2055 1317 2110 neglegens
1351 2069 1442 2096 esse
1475 2069 1561 2096 000-

223 2113 304 2167 pit,
342 2088 407 2166 ut,
447 2128 542 2154 cum
580 2114 624 2154 in
656 2116 843 2154 mentem
875 2088 1041 2154 veniret
1073 2113 1127 2167 ei,
1140 2089 1382 2166 Dresideret,
1414 2113 1560 2154 deinde

224 2172 503 2226 spatiaretur,
552 2187 651 2214 non.
687 2187 921 2227 numquam
972 2172 1101 2213 etiam
1150 2186 1328 2226 puerum
1378 2173 1607 2225 vocaret,35

224 2231 366 2285 credo,
409 2230 476 2272 cui
514 2245 660 2272 cenam
699 2231 947 2286 imperaret,
985 2244 1160 2285 prorsus
1198 2232 1246 2271 ut
1284 2232 1427 2272 vestro
1465 2243 1560 2280 conf

224 2303 343 2329 sessu
364 2291 407 2330 et
425 2289 507 2331 hoc
527 2292 739 2331 conventu
758 2304 836 2344 pro
859 2304 1024 2331 summa
1047 2288 1275 2330 solitudine
1303 2289 1560 2330 abuteretur.
