1618 2584
433 258 522 293 LIB.
543 259 575 293 V
614 258 716 294 CAP.
744 263 880 294 59—61
908 262 926 300 ξ
956 262 1150 293 154—159.
1381 259 1466 300 487

134 356 357 407 conventu,
389 353 432 394 id
459 353 571 407 quod
597 356 724 395 antea
751 354 848 408 dixi,
878 354 1058 395 nimium
1091 353 1320 407 diligenter
1351 368 1470 408 prae-

135 413 292 454 donum
318 426 542 453 numerum
568 412 856 465 requirebant.
899 412 1087 453 Haecine
1112 411 1229 466 plebi
1250 411 1469 452 Romanae

133 474 176 511 te
195 473 394 525 praetore
415 473 480 511 est
501 470 737 511 constituta
757 470 960 524 condicio,
985 470 1091 511 haec
1109 469 1275 525 negotii
1296 470 1470 524 gerendi

133 543 242 582 spes,
273 529 354 570 hoc
381 529 532 582 capitis
559 529 764 582 vitaeque*
784 529 1040 570 discrimen?
1091 528 1305 569 Parumne
1333 528 1470 569 multa

97 587 444 628 5mercatoribus
486 589 586 627 sunt
622 587 862 629 necessario
900 587 1090 641 pericula
1127 586 1348 628 subeunda
1384 586 1470 627 for-

133 648 274 699 tunae,
305 646 388 686 nisi
416 645 546 686 etiam
571 645 652 686 hae
676 645 927 687 formidines
960 645 1013 686 ab
1033 643 1207 686 'nostris
1240 645 1470 700 magistra-

132 704 248 745 tibus
287 707 414 758 atque
452 704 495 744 in
532 703 694 744 nostris
733 703 964 756 provinciis
1002 703 1340 758 impendebunt?
1402 703 1470 743 Ad

133 776 281 803 eamne
307 776 396 802 rem
422 762 506 802 fuit
531 762 636 803 haec
663 762 911 803 suburbana
938 776 986 804 ac
1011 762 1149 803 fidelis
1172 761 1317 803 Sicilia
1342 762 1471 816 plena

133 821 395 874 optimorum
416 820 629 861 sociorum
653 819 1142 874 honestissimorumque
1168 820 1336 873 civium,
1364 834 1470 874 quae

80 890 113 915 10
132 878 236 919 civis
274 878 492 919 Romanos
536 878 673 919 omnis
717 879 804 919 suis
842 879 937 933 ipsa
975 879 1146 920 sedibus
1184 879 1470 920 libentissime

132 950 299 991 semper
332 936 509 990 accepit,
542 939 606 990 ut,
640 936 712 991 qui
742 952 877 991 usque
910 952 959 978 ex
989 938 1157 978 ultuma
1186 935 1309 991 Syria
1342 940 1470 991 atque

131 995 334 1050 Aegypto
360 995 629 1050 navigarent,
663 995 735 1049 qui
763 996 874 1049 apud
900 996 1110 1037 barbaros
1137 998 1314 1050 propter
1340 998 1469 1051 togae

129 1067 288 1094 nomen
323 1054 369 1094 in
406 1053 568 1095 honore
604 1054 748 1107 aliquo
781 1053 982 1107 fuissent,
1020 1054 1093 1108 qui
1125 1069 1175 1095 ex
1206 1054 1470 1108 praedonum

130 1112 310 1166 insidiis,
343 1112 415 1165 qui
442 1127 491 1153 ex
517 1115 825 1166 tempestatum
852 1113 1054 1169 periculis
1087 1112 1394 1168 profugissent,
1425 1112 1471 1153 in

79 1181 112 1207 15
132 1168 277 1211 Sicilia
316 1170 453 1211 securi
486 1170 735 1224 ferirentur,
773 1185 868 1212 cum
901 1185 946 1212 se
977 1171 1064 1213 iam
1097 1171 1270 1213 domum
1302 1171 1470 1212 venisse

131 1229 475 1269 arbitrarentur?
825 1259 827 1261 .

218 1286 332 1327 Nam
371 1286 472 1339 quid
509 1300 590 1340 ego
629 1287 679 1327 de
716 1286 761 1327 P.
795 1286 951 1340 Gavio,
988 1280 1187 1328 Consano
1222 1287 1445 1340 municipe,
1474 1268 1540 1350 g}

131 1343 286 1397 dicam,
323 1343 500 1397 iudices,
539 1346 613 1384 aut
650 1359 734 1397 qua
764 1344 807 1385 vi
839 1345 973 1398 vocis,
1013 1359 1097 1398 qua
1129 1346 1344 1400 gravitate
1376 1360 1469 1386 ver-

129 1402 300 1453 borum,
324 1416 422 1454 ·quo
462 1401 609 1442 dolore
648 1402 780 1442 animi
819 1402 985 1444 dicam?
1030 1404 1207 1444 tametsi
1246 1404 1367 1445 dolor
1402 1418 1469 1445 me

76 1472 110 1497 20
129 1474 215 1501 non
242 1459 400 1513 deficit3
431 1461 480 1500 ut
506 1462 647 1500 cetera
673 1460 779 1500 mihi
804 1460 850 1501 in
880 1461 1054 1502 dicendo
1088 1462 1218 1516 digna
1249 1477 1306 1516 re,
1340 1462 1470 1517 digna

131 1519 276 1559 dolore
311 1532 405 1558 meo
439 1521 690 1572 suppetant,
728 1518 867 1574 magis
900 1519 1183 1561 laborandum
1217 1524 1292 1561 est.
1348 1519 1470 1569 Quod

130 1576 291 1618 crimen
329 1576 418 1617 eius
456 1576 572 1617 modi
612 1579 695 1630 est,
738 1580 803 1630 ut,
844 1592 943 1619 cum
978 1578 1165 1632 primum
1204 1579 1257 1619 ad
1294 1593 1362 1620 me
1400 1579 1469 1620 de-

130 1635 267 1676 latum
295 1637 575 1688 est,‘usurum
602 1650 670 1676 me
696 1635 773 1676 illo
799 1650 885 1677 non
912 1638 1128 1690 putarem3
1153 1637 1330 1678 tametsi
1356 1637 1470 1678 enim

128 1693 400 1734 verissimum
445 1707 537 1734 esse
580 1693 907 1749 intellegebam,
950 1697 1095 1736 tamen
1137 1696 1337 1737 credibile
1377 1695 1470 1737 fore

76 1764 109 1790 25
129 1767 217 1793 non
266 1751 522 1793 arbitrabar.
591 1751 774 1794 Coactus
824 1753 1027 1795 lacrumis
1079 1755 1269 1795 omnium
1314 1754 1469 1796 civium
1527 1795 1532 1801 ,

129 1810 442 1864 Romanorum,
475 1810 547 1864 qui
578 1810 624 1851 in
649 1810 796 1853 Sicilia
826 1812 1122 1866 negotiantur,
1154 1813 1361 1855 adductus
1387 1812 1469 1854 Va—

129 1869 409 1922 lentinorum,
457 1869 679 1910 hominum
723 1866 1144 1925 honestissimorum,
1195 1872 1469 1926 omniumque

128 1927 393 1983 Reginorum
430 1927 691 1969 testimoniis
730 1930 1048 1984 multorumque
1087 1931 1279 1984 equitum
1314 1930 1470 1972 Roma·
1518 1940 1520 1942 ’

128 2001 300 2039 norum,
333 1985 405 2040 qui
437 2000 538 2027 casu
569 1989 662 2028 tum
693 1986 917 2029 Messanae
948 1987 1139 2042 fuerunt,
1173 1989 1267 2030 dedi
1299 1992 1468 2030 tantum

75 2056 110 2082 30
129 2045 270 2098 priore
291 2044 459 2086 actione
480 2045 668 2099 testium,
695 2060 762 2086 res
782 2049 830 2087 ut
849 2047 1012 2087 nemini
1037 2047 1166 2088 dubia
1192 2062 1284 2089 esse
1310 2050 1467 2102 posset.

129 2103 239 2152 Quid
264 2118 376 2144 nunc
402 2104 561 2158 agam?
610 2102 716 2145 Cum
743 2104 830 2146 iam
855 2107 922 2146 tot
938 2105 1076 2146 ‘horas
1104 2106 1153 2147 de
1178 2121 1262 2148 uno
1291 2121 1443 2162 genere
1472 2113 1538 2144 159

129 2176 176 2203 ac
225 2162 274 2202 de
318 2161 651 2204 istius-nefaria
695 2163 948 2205 crudelitate
993 2164 1149 2219 dicam,
1196 2180 1289 2207 cum
1334 2180 1467 2220 prope

128 2235 298 2262 omnem
336 2220 423 2261 vim
455 2221 684 2262 verborum
717 2221 806 2263 eius
839 2222 972 2275 modi,
1012 2237 1120 2277 quae
1153 2225 1309 2266 scelere
1342 2224 1466 2266 istius

129 2279 259 2334 digna
302 2279 407 2333 sint,
452 2279 547 2320 aliis
589 2279 633 2320 in
671 2280 798 2321 rebus
837 2276 1175 2336 consumpserim
1211 2297 1348 2337 neque
1385 2283 1466 2325 hoc

73 2348 107 2374 35
126 2337 404 2392 providerim,
435 2340 484 2379 ut
512 2338 722 2380 varietate
754 2338 979 2380 criminum
1012 2355 1087 2382 vos
1123 2341 1320 2383 adtentos
1353 2344 1467 2383 tene-

126 2411 236 2451 rem,
275 2411 399 2450 quem
439 2396 492 2438 ad
530 2397 703 2438 modum
743 2397 792 2438 de
829 2400 953 2439 tanta
990 2413 1035 2440 re
1068 2399 1234 2442 dicam?
1291 2400 1465 2455 Opinon

126 2469 236 2496 unus
257 2455 408 2496 modus
430 2457 558 2509 atque
577 2470 662 2497 una
688 2456 799 2497 ratio
828 2459 909 2511 est,
937 2472 1027 2498 rem
1052 2458 1097 2498 in
1123 2459 1262 2500 medio
1287 2474 1465 2513 ponam3
