1675 2574
539 114 641 150 CAP.
669 118 760 149 3——6
786 118 805 157 5
831 118 958 150 8—16.
1364 116 1417 157 37

79 224 170 265 que,
200 208 372 263 iudices,
403 211 452 251 ut
478 223 606 264 quam
633 210 836 252 acerrime
862 209 1072 252 maleficia
1097 210 1335 265 vindicetis,
1371 214 1420 253 ut

18 317 19 320 Ἴ
78 282 204 323 quam
235 266 471 309 fortissime
503 268 748 310 hominibus
783 268 1078 310 audacissimis
1111 269 1339 323 resistatis,
1369 274 1420 311 ut

75 326 156 368 hoc
193 325 410 381 cogitetis,
447 326 531 368 nisi
569 326 614 367 in
651 327 732 368 hac
771 341 916 381 causa,
959 327 1031 381 qui
1068 330 1211 369 vester
1250 328 1418 370 animus

77 384 150 438 sit,
188 384 441 438 ostendetis,
479 399 527 426 eo
565 399 843 440 prorumpere
881 385 1105 427 hominum
1137 386 1418 440 cupiditatem

41 461 56 486 5
76 445 119 485 et
144 442 282 484 scelus
308 445 352 484 et
377 443 611 497 audaciam,
635 446 685 484 ut
709 458 795 485 non
821 444 947 486 modo
969 444 1092 499 clam,
1117 458 1266 486 verum
1286 445 1417 486 etiam

19 530 21 535 .
74 501 143 543 hic
173 500 218 542 in
249 500 343 543 foro
377 504 476 543 ante
507 502 698 543 tribunal
731 504 866 557 tuum,
896 502 952 543 M.
978 501 1126 557 Fanni,
1158 506 1257 545 ante
1288 503 1417 558 pedes

20 587 21 593 ,
73 561 259 613 vestros,
301 559 478 613 iudices,
521 560 634 601 inter
676 560 771 615 ipsa
812 561 1019 602 subsellia
1061 561 1210 603 caedes
1246 561 1417 604 futurae

75 618 171 659 sint.
232 617 406 659 Etenim
444 618 545 672 quid
583 618 699 660 aliud
737 619 819 661 hoc
849 619 1004 660 iudicio
1036 622 1294 675 temptatur,
1334 621 1418 662 nisi
1447 634 1489 665 13

21 687 23 735 j
72 678 122 718 ut
151 676 195 717 id
225 676 318 718 fieri
349 677 506 718 liceat?
559 676 778 718 Accusant
808 677 850 731 ii,
884 678 956 732 qui
987 678 1032 719 in
1062 678 1259 721 fortunas
1291 679 1418 721 huius

39 735 350 788 oinvaserunt,
375 749 549 777 causam
587 735 690 777 dicit
720 735 778 790 is,
819 736 887 777 cui
923 739 1095 790 praeter
1127 738 1419 780 calamitatem

72 793 182 836 nihil
219 794 503 848 reliquerunt3
548 796 750 836 accusant
786 793 835 848 ii,
880 795 1036 848 quibus
1076 795 1210 837 occidi
1249 799 1419 852 patrem

24 901 25 904 Ἴ
74 851 166 894 SeX.
197 852 327 894 Rosci
358 853 471 894 bono
503 852 604 907 fuit,
642 866 815 894 causam
848 852 950 894 dicit
981 853 1036 906 is,
1072 854 1140 895 cui
1171 869 1258 896 non
1290 855 1417 897 modo

73 911 236 953 luctum
267 926 383 953 mors
422 911 560 977 patris
601 911 770 965 attulit,
806 925 955 964 verum
993 912 1124 953 etiam
1162 915 1419 968 egestatem3

75 972 276 1012 accusant
302 970 345 1023 ii,
372 970 445 1024 qui
470 969 619 1011 hunc
607 984 749 1024 ipsum
759 945 971 1025 yiugulare
998 985 1162 1012 summe
1182 972 1419 1026 cupierunt,

39 1045 56 1072 5
74 1043 246 1071 causam
273 1028 375 1070 dicit
400 1029 449 1082 is,
481 1028 554 1083 qui
579 1029 710 1069 etiam
737 1028 789 1069 ad
815 1029 896 1071 hoc
920 1029 1062 1083 ipsum
1088 1029 1290 1073 iudicium
1323 1046 1419 1072 011111

73 1087 286 1143 praesidio
325 1087 460 1139 venit,
504 1101 556 1128 ne
597 1087 666 1129 hic
712 1087 871 1128 ibidem
916 1090 1015 1128 ante
1061 1088 1208 1130 oculos
1252 1092 1419 1131 vestros

28 1191 29 1194 Ἴ
73 1146 328 1199 trucidetur,
369 1145 548 1200 denique
581 1148 784 1187 accusant
814 1146 862 1199 ii,
905 1160 1010 1200 quos
1042 1147 1228 1201 populus
1265 1148 1419 1202 poscit,

74 1219 248 1247 causam
281 1205 383 1247 dicit
414 1205 468 1258 is,
511 1204 584 1258 qui
616 1218 725 1246 unus
757 1205 932 1246 relictus
966 1219 1016 1245 ex
1047 1205 1222 1246 illorum
1253 1206 1419 1248 nefaria
1445 1228 1447 1230 ·

30 1292 31 1313 3
74 1263 200 1306 caede
238 1266 387 1305 restat.
454 1263 597 1317 Atque
633 1266 683 1304 ut
717 1262 887 1304 facilius
928 1263 1181 1319 intellegere
1224 1265 1416 1319 possitis,
1446 1279 1488 1310 14

39 1339 56 1365 ο
73 1322 244 1377 iudices,
271 1337 331 1376 ea,
358 1336 466 1376 quae
485 1321 601 1363 facta
621 1324 733 1376 sunt,
757 1322 1002 1377 indigniora
1028 1336 1131 1377 esse,
1158 1337 1287 1376 quam
1312 1323 1418 1365 haec

32 1428 33 1434 ¹
75 1384 192 1435 sunt,
236 1395 344 1435 quae
389 1381 586 1434 dicimus,
631 1381 684 1421 ab
718 1355 842 1422 initio
880 1395 948 1422 res
988 1395 1113 1435 quem
1152 1381 1205 1422 ad
1243 1382 1418 1423 modum

33 1448 35 1491 ζ
75 1442 198 1496 gesta
242 1439 316 1493 sit,
364 1439 487 1481 vobis
531 1453 809 1505 exponemus,
859 1453 942 1494 quo
985 1440 1154 1481 facilius
1199 1442 1241 1481 et
1290 1440 1416 1482 huius

34 1498 35 1545 ζ
73 1497 261 1540 hominis
301 1473 642 1540 innocentissimi
679 1498 873 1539 miserias
914 1500 957 1539 et
987 1498 1162 1539 illorum
1195 1498 1417 1540 audaciam

74 1571 331 1613 cognoscere
362 1556 540 1611 possitis
573 1559 615 1597 et
647 1556 709 1598 rei
739 1557 936 1611 publicae
969 1556 1273 1599 calamitatem
1443 1590 1469 1631 6

36 1644 49 1655 ,.
163 1614 256 1657 Sex.
292 1615 492 1668 Roscius,
532 1617 656 1670 pater
691 1615 885 1670 huiusce,
934 1615 1154 1670 municeps
1185 1615 1416 1657 Amerinus
1445 1640 1488 1672 15

38 1719 39 1722 ,
73 1674 173 1729 fuit,
210 1689 305 1716 cum
338 1688 498 1740 genere
536 1676 580 1715 et
614 1674 844 1715 nobilitate
882 1676 925 1715 et
955 1674 1136 1729 pecunia
1168 1688 1256 1715 non
1290 1674 1416 1715 modo

38 1743 40 1803 ἰ
75 1733 141 1776 3111
191 1732 430 1788 municipii,
484 1746 632 1774 verum
683 1732 814 1775 etiam
865 1732 954 1774 eius
1002 1732 1238 1774 vicinitatis
1291 1732 1418 1774 facile

38 1812 41 1833 ι
74 1792 257 1848 primus,
294 1794 388 1833 tum
427 1791 569 1848 gratia
606 1794 735 1846 atque
773 1791 975 1846 hospitiis
1007 1791 1163 1833 florens
1195 1791 1420 1832 hominum

39 1848 453 1893 'nobilissimorum
513 1850 628 1892 Nam
673 1865 770 1892 cum
816 1850 1024 1905 Metellis,
1075 1849 1286 1903 Serviliis,
1334 1848 1419 1891 Sci·
1469 1878 1475 1883 -

39 1891 52 1963 ’ξι
74 1910 274 1965 pionibus
315 1911 408 1951 erat
445 1909 484 1950 01
520 1924 607 1951 11011
644 1909 770 1951 1110ᾶο
807 1909 1063 1964 hospitium,
1099 1923 1249 1950 verum
1289 1908 1420 1950 etiam

41 1997 43 2007 ,
76 1968 334 2010 domesticus
366 1982 468 2010 usus
501 1970 545 2009 et
575 1968 856 2021 consuetudo,
889 1982 1013 2022 quas,
1048 1970 1097 2009 ut
1130 1981 1311 2021 aequum
1343 1968 1420 2018 est,

40 2010 262 2070 familias
311 2026 554 2069 honestatis
608 2026 989 2081 amplitudinisque
1041 2026 1183 2081 gratia
1233 2024 1420 2067 nomino.

14 2062 45 2154 :i
75 2085 225 2141 Itaque
269 2100 320 2128 ex
370 2085 568 2128 omnibus
613 2085 701 2126 suis
745 2085 979 2127 commodis
1022 2085 1104 2126 hoc
1146 2083 1286 2126 solum
1328 2083 1420 2124 filio

43 2145 267 2218 reliquit3
316 2159 418 2187 nam
467 2144 777 2199 patrimonium
830 2143 1055 2185 domestici
1098 2142 1334 2198 praedones
1378 2141 1422 2183 vi

43 2158 46 2242 ¹»
71 2206 271 2259 ereptum
301 2203 536 2270 possident,
567 2202 686 2244 fama
711 2205 754 2244 et
778 2202 869 2244 vita
894 2202 1135 2244 innocentis
1162 2201 1216 2243 ab
1241 2199 1421 2255 hospiti·
1660 2206 1675 2256 f

44 2250 155 2359 lbus
199 2262 432 2317 amicisque
481 2261 672 2316 paternis
720 2261 971 2302 defenditur.
1038 2260 1121 2303 Hic
1165 2274 1261 2302 cum
1305 2258 1422 2301 omni
1450 2272 1492 2303 16

77 2323 269 2379 tempore
305 2320 549 2364 nobilitatis
586 2319 733 2361 fautor
770 2319 940 2373 fuisset,
982 2322 1075 2361 tum
1111 2318 1195 2361 hoc
1231 2317 1423 2359 tumultu
