1618 2584
203 32 287 74 100
529 31 581 66 IN
607 31 647 73 Q.
669 30 932 65 CAECILIUM
957 30 1222 66 DIVINATIO.

201 131 301 172 agat.
350 127 513 161 Huiusce
544 125 645 160 modi
669 125 986 170 propositionibus
1014 124 1140 160 Cicero
1167 126 1384 170 designatus
1410 126 1539 161 aedilis
1584 145 1586 147 >

200 175 258 209 1113
291 174 474 219 capitibus
504 173 720 218 respondet:
753 174 1005 207 accusatorem
1036 183 1121 206 eum
1152 183 1230 207 esse
1258 175 1445 217 oportere,
1478 174 1541 218 qui

199 221 338 256 invitus
374 221 518 266 cogitur
551 219 744 264 religionis
777 219 914 263 officio,
947 221 1100 264 rogatus
1127 220 1173 254 ab
1199 221 1368 255 omnibus
1395 220 1539 265 Siculis,

200 269 264 313 qui
294 280 360 313 pro
392 280 430 302 re
462 267 612 312 publica
644 266 740 312 agit,
778 278 888 310 quem
918 267 1065 309 volunt,
1103 267 1166 311 qui
1201 269 1392 311 accusant,
1431 279 1540 311 quem

200 316 350 358 metuit,
377 315 439 359 qui
458 315 670 357 accusatur,
696 295 760 358 (1111
783 314 937 348 1(100603
964 315 1020 348 6313
1044 295 1219 348 facundia
1244 314 1537 358 innocentiaque,

201 363 265 407 qui
283 364 353 397 hoc
379 362 470 396 facit
494 361 703 395 imitatione
728 361 920 395 maiorum.
965 360 1107 395 Divisio
1132 361 1368 406 principalis,
1394 373 1469 396 una
1493 362 1538 397 dc
1612 367 1613 370 ’

202 422 240 444 36
267 410 365 454 ipso,
393 409 511 443 altera
536 408 581 442 de
608 407 844 442 contentione
871 407 928 442 sui
953 409 991 442 et
1016 407 1179 443 Caecilii.

296 455 530 491 Divinatio
551 455 685 490 dicitur
704 456 796 489 haec
817 455 945 498 oratio,
969 455 1056 499 quia
1074 466 1149 490 non
1168 456 1212 490 de
1232 455 1331 490 facto
1351 456 1540 500 quaeritur

203 505 309 544 (haec
335 503 575 546 coniectura),
608 503 673 537 sed
699 503 742 536 (16
768 502 909 545 futuro,
942 513 1035 546 quae
1063 504 1119 537 est
1145 502 1342 546 divinatio,
1371 505 1453 538 uter
1478 504 1538 538 de-

200 551 290 585 beat
308 562 490 585 accusare.
527 549 603 584 Alii
622 549 706 584 ideo
724 550 859 594 putant
879 549 1146 585 divinationem
1167 549 1250 593 dici,
1271 550 1369 593 quod
1388 550 1541 586 iniurati

202 598 342 632 iudices
374 597 412 631 in
443 598 514 631 hac
546 608 657 631 causa
688 597 841 631 sedeant
870 598 922 640 et,
956 597 1055 640 quod
1079 597 1212 640 velint,
1243 597 1470 641 praesentire
1496 598 1540 632 de

201 647 357 689 utroque
387 644 548 689 possint,
588 644 806 688 alii,.quod
840 655 896 678 res
930 645 1063 689 agatur
1095 644 1173 678 sine
1204 644 1362 678 testibus
1395 647 1432 679 et
1463 645 1540 680 sine

201 692 339 727 tabulis
377 693 414 726 et
450 691 508 725 his
546 691 697 726 remotis
737 693 956 736 argumenta
991 691 1071 725 sola
1102 692 1303 735 sequantur
1332 691 1473 727 iudices
1505 695 1543 727 et

202 739 309 783 quasi
334 739 511 774 divinent

296 787 433 832 Agitui
453 787 577 820 autem
597 797 710 820 causa
729 785 923 820 senatoriis
950 785 1096 819 iudiciis
1122 785 1162 819 in
1186 785 1328 821 invidia
1353 787 1452 840 apud
1476 798 1540 841 po—

200 814 353 879 pulumo
363 833 574 868 constitutis
606 833 650 867 de
683 833 917 877 corruptione
946 833 1148 866 multorum
1173 833 1315 868 vexatis
1342 834 1541 878 provinciis

202 880 371 915 omnibus
411 892 454 914 ac
488 880 597 914 sociis
627 880 758 924 populi
789 879 948 914 Romani
978 879 1085 914 fessis
1116 881 1197 914 toto
1230 881 1316 915 orbe
1347 883 1540 925 terrarum,

200 928 479 963 accusatoribus
493 927 811 972 praevaricatione
831 927 1042 970 infamibus,
1062 927 1257 972 flagitante
1276 928 1384 972 plebe
1403 928 1542 963 iudicia
1602 959 1603 966 ,

201 976 381 1019 equestris
413 975 569 1017 ordinis,
605 986 698 1018 quae
729 974 805 1009 fere
833 976 918 1009 ante
946 985 1061 1008 annos
1088 974 1121 1008 X
1146 975 1265 1009 victor
1291 975 1395 1010 Sulla
1421 978 1540 1011 sustu-

200 1023 312 1066 lerat,
345 1024 592 1067 cognoscente
624 1021 668 1056 de
693 1021 859 1066 pecuniis
884 1021 1098 1066 repetundis
1124 1021 1184 1056 M’.
1213 1021 1411 1057 Glabrione
1435 1035 1540 1068 prae-

201 1072 280 1105 tore
319 1071 357 1104 et
394 1068 633 1114 amplissimis
671 1069 875 1112 quibusque
913 1068 1089 1103 senatorii
1121 1069 1258 1103 ordinis
1291 1069 1540 1105 iudicantibus

201 1128 347 1152 summa
372 1116 630 1161 expectatione
658 1118 885 1150 cunctorum.

295 1163 418 1198 Genus
451 1175 585 1198 causae
616 1164 828 1206 honestum,
866 1165 984 1198 status
1017 1163 1179 1207 qualitas
1211 1164 1411 1209 negotialis
1443 1176 1540 1200 com-

200 1212 372 1257 parativa
392 1212 435 1245 de
457 1211 715 1245 constituendo
736 1213 962 1253 accusatore,
989 1210 1052 1254 qui
1071 1211 1307 1254 potissimum
1327 1212 1371 1246 (16
1397 1212 1541 1247 duobus

201 1260 266 1293 aut
298 1260 360 1302 qui
390 1258 488 1292 solus
515 1260 679 1301 accuset,
714 1257 805 1291 dicit
830 1258 929 1292 enim
955 1258 1136 1292 Caecilius
1163 1260 1229 1293 aut
1255 1270 1277 1293 a
1301 1269 1339 1294 se
1366 1270 1541 1294 accusan-

202 1307 289 1340 dum
316 1317 395 1340 6336
416 1305 570 1340 Verrem
597 1306 661 1339 aut
688 1316 710 1339 a
736 1316 773 1339 se
800 1316 954 1348 quoque.

153 1411 172 1493 hab—A

291 1424 335 1467 Si
369 1425 462 1480 quis
496 1428 705 1480 vestrum,
742 1425 920 1478 iudices,
959 1428 1033 1466 aut
1065 1440 1229 1480 eorum,
1269 1426 1342 1480 qui
1373 1426 1539 1481 adsunt,

200 1485 313 1526 forte
342 1485 525 1526 miratur
557 1500 641 1538 me,
675 1484 747 1538 qui
779 1487 846 1526 tot
878 1499 1012 1525 annos
1044 1484 1089 1526 in
1121 1484 1258 1526 causis
1290 1485 1540 1540 iudiciisque
1598 1532 1601 1546 1

201 1544 384 1599 publicis
420 1544 483 1585 ita
515 1544 596 1585 sim
628 1546 842 1598 versatus,
879 1546 928 1584 ut
961 1543 1221 1585 defenderim
1254 1544 1427 1599 01011303,
1458 1545 1540 1587 lae·
1600 1548 1602 1555 ’

202 1603 331 1644 serim
380 1603 613 1657 neminem,
664 1603 806 1644 subito
853 1617 964 1644 nunc
1008 1605 1177 1644 mutata
1220 1603 1443 1645 voluntate
1488 1604 1541 1646 ad

202 1662 486 1704 accusandum
520 1662 787 1714 descendere,
820 1661 856 1702 13
890 1662 926 1702 31
957 1662 1040 1703 0161
1072 1662 1241 1703 00031111
1272 1677 1445 1704 causam
1477 1678 1540 1704 ra·
1559 1682 1573 1708 5
1594 1638 1604 1740 ἓ

201 1721 447 1775 tionemque
474 1720 736 1776 cognoverit,
768 1735 853 1761 una
879 1723 921 1760 et
952 1720 1006 1775 id,
1040 1721 1152 1775 quod
1183 1721 1307 1774 facio,
1338 1722 1541 1776 probabit
1600 1717 1602 1722 ¹

203 1783 245 1821 et
271 1780 316 1821 in
340 1780 421 1821 hac
448 1794 576 1820 causa
602 1779 795 1834 profecto
822 1780 1034 1820 neminem
1060 1781 1409 1835 praeponendum
1435 1781 1542 1823 mihi
1592 1741 1597 1929 Ι

202 1854 297 1880 6336
330 1841 520 1880 actorem
552 1838 735 1893 putabit.

292 1896 399 1940 Cum
439 1900 641 1964 quaestor
679 1898 723 1938 in
761 1896 907 1939 Sicilia
943 1897 1139 1952 fuissem,
1180 1897 1357 1952 iudices,
1395 1899 1541 1966 itaque
1598 1905 1601 1911 ”

202 1972 253 1998 611
291 1971 340 1998 ea
378 1957 599 2012 provincia
638 1957 933 2011 decessissem,
969 1959 1018 1998 ut
1056 1955 1210 1999 Siculis
1249 1958 1447 1999 omnibus
1482 1959 1541 2000 iu-
1559 1935 1596 2002 mi

203 2016 385 2058 cundam
412 2010 750 2070 diuturnamque
769 2016 1021 2058 memoriam
1052 2019 1307 2070 quaesturae
1338 2017 1540 2060 nominis·
1590 2006 1594 2145 ¹

1590 2216 1593 2237 1

1590 2241 1593 2257 l

1588 2406 1591 2433 c

1590 2515 1595 2531 1

155 1906 174 1937 ΚΘ

204 2090 284 2130 que
323 2075 407 2116 mei
444 2075 747 2129 ielinquerem,
784 2075 947 2117 factum
986 2077 1066 2129 est,
1105 2075 1169 2116 uti
1202 2090 1297 2117 cum
1329 2091 1540 2118 summum
1598 2128 1599 2132 Ἰ

202 2135 248 2175 111
285 2134 502 2175 veteribus
540 2134 735 2188 patronis
769 2134 934 2187 multis,
972 2137 1065 2175 tum
1096 2149 1181 2175 non
1212 2135 1379 2176 nullum
1413 2136 1542 2178 etiam
1590 2148 1609 2162 ²

203 2194 247 2234 in
274 2208 341 2234 me
367 2193 627 2248 praesidium
656 2194 742 2234 suis
773 2193 960 2235 fortunis
993 2193 1276 2235 constitutum
1309 2209 1400 2236 esse
1433 2195 1542 2237 arbi·
1596 2199 1607 2239 i-

204 2255 434 2294 trarentur.
496 2251 577 2301 Qui
611 2267 722 2294 110110
754 2253 951 2307 populati
983 2254 1110 2307 atque
1142 2253 1286 2295 vexati
1317 2254 1458 2295 cuncti
1489 2253 1542 2296 ad
1560 2263 1583 2290 15
