1675 2574
2 566 4 605 Ρ
397 558 458 609 Μ.
497 559 685 607 TULLI
723 560 1052 610 CICERONIS

4 677 7 759 ξ
80 667 214 723 PRO
261 666 411 723 sax.
457 667 706 725 Roscio
752 669 1066 726 AMERINO
1112 670 1381 727 ORATIO.

8 906 9 935 ¹
487 873 971 917 ARGUMENTUM.

151 954 242 989 Cum
269 953 350 991 Sex,
377 954 550 998 Roscius,
582 955 774 1000 municeps
799 954 996 990 Amerinus
1023 966 1066 991 ex
1091 955 1259 1000 Umbria,
1288 956 1401 991 homo

9 996 11 1050 ἦ
58 1002 160 1037 dives
192 1002 230 1036 et
261 1001 492 1047 splendidus,
528 1002 634 1037 finita
665 1002 741 1036 iam
772 1003 1042 1047 proscriptione
1076 1002 1229 1038 Sullana
1260 1003 1401 1039 Romae

57 1049 200 1084 occisus
239 1051 352 1092 esset,
390 1059 527 1084 nomen
565 1048 644 1083 eius
681 1049 720 1083 in
750 1049 898 1083 tabulas
930 1050 1211 1094 proscriptionis
1242 1051 1402 1085 relatum

58 1097 129 1139 est,
173 1096 272 1130 bona
315 1095 526 1139 venierunt3
570 1096 687 1130 filium
727 1095 806 1130 Sex,
846 1096 1022 1131 Roscium
1058 1096 1214 1131 Erucius
1252 1097 1403 1141 quidam

57 1143 278 1178 subornatus
305 1154 327 1177 a
351 1142 391 1177 L.
419 1142 676 1188 Chrysogono,
704 1143 829 1178 Sullae
854 1143 1006 1187 iiberto,
1039 1144 1103 1188 qui
1127 1144 1226 1178 bona
1251 1145 1402 1187 emerat,

14 1194 15 1202 ¹
57 1191 96 1225 et
125 1189 219 1225 Titis
251 1189 395 1225 Rosciis
421 1189 600 1235 Capitone
632 1192 669 1224 et
699 1190 836 1234 Magno
868 1190 1072 1234 Amerinis,
1104 1190 1264 1226 inimicis
1289 1189 1404 1226 Rosci

14 1240 16 1264 ἲ
57 1236 180 1281 occisi,
206 1236 270 1281 qui
294 1237 454 1281 praedae
480 1236 681 1282 participes
707 1238 822 1280 erant,
848 1237 1039 1282 parricidii
1064 1237 1264 1273 accusavit.
1308 1237 1403 1272 Eum

16 1297 17 1304 ¹
57 1283 201 1328 Cicero,
239 1285 303 1327 qui
332 1286 412 1318 tum
450 1295 588 1319 annum
624 1284 848 1329 vigesimum
882 1286 1081 1329 septimum
1113 1285 1267 1330 agebat,
1303 1285 1403 1330 apud

55 1330 104 1365 M.
131 1330 314 1365 Fannium
337 1332 566 1376 praetorem,
598 1332 660 1375 qui
685 1331 895 1375 quaestioni
919 1332 1016 1366 inter
1041 1332 1194 1367 sicarios
1219 1333 1402 1377 praeerat,

18 1394 19 1410 ι
55 1378 126 1413 hac
153 1377 320 1413 oratione
346 1378 400 1413 ita
425 1378 607 1422 defendit,
636 1380 675 1413 ut
701 1378 839 1413 crimen
863 1378 902 1413 in
928 1378 1210 1424 Chrysogonum
1235 1380 1273 1414 et
1298 1379 1403 1414 Titos

19 1463 21 1467 ,
55 1425 210 1460 Roscios
235 1424 401 1460 reiceret.
454 1424 573 1459 Causa
598 1427 683 1460 acta
709 1427 766 1459 est
790 1425 829 1459 L.
857 1424 1026 1461 Cornelio
1053 1425 1158 1460 Sulla
1182 1427 1216 1461 II
1242 1425 1402 1461 Caecilio

20 1497 21 1512 ;
56 1471 210 1507 Metello
235 1472 303 1507 Pio
330 1483 434 1516 coss„
461 1472 501 1507 L.
524 1472 629 1507 Sulla
655 1472 849 1515 dictatore,
876 1483 972 1507 anno
998 1484 1032 1507 u.
1054 1484 1084 1507 c.
1106 1477 1184 1516 674,
1211 1484 1242 1508 a.
1264 1472 1346 1508 Chr.
1366 1485 1401 1508 n.

57 1523 112 1556 80,
157 1519 262 1554 Hanc
287 1518 448 1564 primam
474 1519 512 1554 in
538 1518 677 1554 iudicio
703 1519 854 1564 publico
882 1520 1088 1555 orationem
1109 1519 1236 1556 Cicero
1257 1519 1400 1556 habuit.

23 1692 26 1726 ἰ
144 1683 281 1728 Credo
309 1700 388 1742 ego
414 1700 504 1739 vos,
535 1685 707 1739 iudices,
740 1685 900 1738 mirari,
933 1685 1034 1739 quid
1060 1685 1128 1738 sit,
1156 1686 1280 1739 quod,
1307 1700 1403 1728 cum
1431 1668 1449 1750 ἒ

24 1740 27 1805 ᾖ
57 1746 124 1787 tot
153 1744 309 1786 summi
330 1747 524 1796 oratores
540 1744 821 1799 hominesque
840 1744 1102 1786 nobilissimi
1114 1744 1302 1799 sedeant,
1323 1759 1403 1800 ego

25 1811 29 1871 Ἰ
56 1803 330 1860 potissimum
350 1803 619 1858 surrexerim,
652 1803 725 1858 qui
742 1817 880 1858 neque
900 1805 1041 1845 aetate
1072 1817 1210 1858 neque
1229 1803 1403 1859 ingenio

56 1877 192 1917 neque
219 1862 476 1904 auctoritate
492 1862 572 1903 sim
587 1877 683 1904 cum
698 1862 777 1916 his,
799 1861 872 1916 qui
886 1861 1074 1915 sedeant,
1094 1862 1403 1917 conparandus.

0 1950 1 1954 =
27 1934 31 2004 R
59 1920 215 1963 Omnes
246 1921 305 1975 hi,
336 1936 442 1976 quos
474 1921 629 1962 videtis
663 1921 823 1976 adesse,
854 1921 899 1962 in
929 1921 1011 1963 hac
1042 1935 1171 1963 causa
1201 1921 1404 1962 iniuriam

56 1994 167 2023 novo
207 1980 364 2022 scelere
403 1979 633 2022 conflatam
670 1982 826 2035 putant
864 1982 1062 2035 oportere
1106 1979 1292 2033 defendi,
1337 1979 1404 2021 de·

29 2005 32 2080 Ι
56 2038 228 2081 fendere
253 2039 338 2094 ipsi
363 2041 543 2094 propter
567 2038 842 2093 iniquitatem
861 2041 1106 2093 temporum
1125 2053 1214 2080 non
1234 2038 1403 2080 audent.

31 2095 125 2139 Ita
153 2097 222 2153 fit,
253 2101 302 2139 ut
334 2097 477 2139 adsint
507 2100 756 2153 propterea,
789 2097 902 2152 quod
934 2097 1122 2139 officium
1155 2099 1404 2151 sequuntur,

31 2138 229 2199 taceant
267 2159 412 2199 autem
448 2156 625 2210 idcirco,
668 2156 768 2211 quia
804 2156 1044 2211 periculum
1080 2155 1232 2197 vitant.
1294 2154 1404 2204 Quid
1430 2164 1450 2195 2

32 2196 189 2271 ergo?
233 2215 542 2258 audacissimus
585 2229 665 2271 ego
705 2230 755 2256 ex
794 2215 1016 2257 omnibus?
1077 2214 1266 2257 Minime.
1333 2214 1405 2256 An

127 2347 197 2375 cic.
215 2348 256 2375 11.
278 2350 302 2375 1.
1093 2346 1115 2376 3
