1618 2584
362 258 449 294 Llss.
477 259 492 292 1
538 258 639 293 CAP.
668 263 805 294 35—38
832 262 850 301 ξ
876 262 1025 293 89-95.
1282 260 1365 301 175

25 355 174 396 deinde
220 355 264 396 in
308 355 464 396 codicis
511 357 701 396 extrema
745 370 841 396 cera
882 369 1038 396 nomen
1082 354 1274 396 infimum
1320 356 1364 396 in

23 414 241 469 flagitiosa
279 414 411 454 litura
440 412 561 467 fecit3
600 428 785 468 expensa
817 413 1100 469 Chrysogono
1135 428 1256 455 servo
1290 414 1363 455 HS

25 475 218 514 sescenta
243 472 364 513 milia
394 475 569 527 accepta
600 473 765 527 pupillo
797 472 1000 514 Malleolo
1033 473 1215 513 rettulit.
1272 472 1364 521 Quo

24 531 149 573 modo
189 545 238 571 ex
278 531 445 572 deciens
478 530 550 572 HS
590 534 783 572 sescenta
821 532 907 572 sint
946 532 1077 585 facta,
1116 546 1198 585 quo
1238 532 1364 573 modo

0 602 83 632 »DC
122 590 269 630 eodem
308 590 434 631 modo
472 590 741 643 quadrarint,
779 592 827 630 ut
859 590 936 631 illa
968 590 1018 631 de
1051 589 1126 632 Cn.
1153 589 1364 631 Carbonis

22 648 201 703 pecunia
244 649 412 702 reliqua
449 647 521 689 HS
567 651 761 689 sescenta
804 648 920 690 facta
964 649 1068 702 sint,
1113 663 1195 703 quo
1238 649 1363 690 modo

24 707 305 762 Chrysogono
334 721 517 761 expensa
550 707 640 748 lata
672 707 770 759 sint,
802 722 876 748 cur
907 707 950 748 id
981 722 1138 749 nomen
1168 708 1364 748 infimum

21 767 66 806 in
104 766 318 820 lituraque
358 766 432 819 sit,
470 780 546 806 vos
586 765 901 807 existimabitis.
970 766 1132 807 Tamen
1170 765 1242 807 HS
1281 781 1364 807 ses·
1391 775 1433 806 93

22 827 146 866 centa
172 825 293 865 milia
326 839 420 866 cum
454 827 629 878 accepta
660 825 912 878 rettulisset,
944 824 1016 866 HS
1052 825 1366 880 quinquaginta

0 883 142 924 *milia
188 884 460 924 soluta'non
506 886 624 936 sunt,
674 883 889 936 11011111103,
939 886 1223 938 posteaquam
1267 899 1364 925 reus

21 942 161 984 factus
188 945 264 995 est,
297 942 452 983 redditi
480 942 553 982 alii
579 945 685 995 sunt,
719 942 793 982 alii
821 942 948 982 etiam
976 957 1087 984 nunc
1113 943 1365 996 retinentur,

21 1001 189 1054 peculia
216 1001 406 1042 omnium
432 1001 663 1054 vicariique
689 1001 940 1041 retinentur.
990 1000 1108 1042 Haec
1141 1004 1206 1042 est
1237 1002 1363 1042 istius
1379 1005 1433 1046 37

22 1060 243 1113 praeclara
275 1060 423 1100 tutela.
485 1059 565 1112 En,
598 1060 664 1100 cui
697 1063 793 1100 tuos
827 1060 987 1100 liberos
1021 1061 1280 1108 committas,
1314 1075 1364 1101 en

23 1119 275 1160 memoriam
309 1118 468 1159 mortui
502 1118 680 1171 sodalis,
714 1133 765 1159 en
798 1121 959 1159 metum
992 1118 1188 1159 vivo'rum
1222 1120 1365 1160 existi-

0 1178 243 1219 martionis!
307 1175 414 1218 Cum
453 1177 534 1218 tibi
570 1192 614 1218 se
652 1180 746 1218 tota
779 1177 885 1218 Asia
917 1178 1186 1231 spoliandam
1220 1193 1267 1218 ac
1299 1193 1365 1219 ve—

20 1237 204 1278 xandam
248 1236 535 1290 praebuisset,
580 1251 674 1277 cum
718 1236 799 1276 tibi
838 1236 1034 1289 exposita
1072 1239 1184 1277 esset
1226 1237 1364 1277 01111113

22 1295 74 1336 ad
106 1295 397 1349 praedandum
424 1294 693 1349 Pamphylia,
727 1297 953 1336 contentus
985 1295 1052 1335 his
1085 1297 1176 1336 tam
1208 1296 1364 1348 opimis

21 1355 147 1395 rebus
184 1369 271 1395 non
308 1354 447 1408 fuisti,
486 1369 637 1395 manus
677 1370 701 1394 a
739 1354 895 1407 tutela,
934 1352 1085 1394 manus
1125 1369 1149 1395 a
1186 1354 1365 1408 pupillo,

22 1428 172 1454 manus
201 1429 225 1454 a
252 1413 411 1454 sodalis
438 1413 528 1453 filio
562 1413 778 1453 abstinere
809 1428 896 1454 11011
928 1413 1140 1466 potuisti?
1196 1412 1288 1453 Iam
1321 1415 1364 1453 te

0 1487 105 1514 >non
139 1470 288 1525 Siculi,
326 1487 411 1512 non
450 1474 660 1524 aratores,
699 1475 746 1512 ut
784 1472 975 1525 dictitas,
1014 1472 1364 1525 circumveniunt,

19 1546 106 1572 11011
131 1531 188 1583 111,
221 1531 293 1584 qui
326 1531 505 1572 decretis
534 1531 768 1584 edictisque
798 1531 884 1571 tuis
917 1531 963 1571 in
993 1532 1036 1571 te
1069 1530 1274 1571 concitati
1304 1531 1365 1571 111-

19 1590 205 1643 festique
233 1592 350 1643 sunt,
382 1589 611 1630 Malleolus
640 1605 664 1630 a
690 1604 756 1630 me
786 1589 1019 1642 productus
1053 1591 1118 1630 est
1151 1591 1193 1630 et
1225 1592 1364 1630 mater

22 1649 110 1689 eius
151 1651 278 1702 atque
318 1648 431 1701 avia,
470 1663 576 1702 quae
615 1649 794 1689 miserae
832 1648 983 1688 flentes
1023 1662 1218 1689 eversum
1258 1663 1282 1689 a
1320 1650 1363 1688 te

20 1722 199 1761 puerum
234 1707 389 1761 patriis
429 1707 552 1748 bonis
592 1721 682 1748 esse
722 1707 929 1748 dixerunt.
993 1706 1102 1754 Quid
1135 1707 1362 1760 expectas?
1390 1715 1432 1746 94

0 1781 76 1807 =an
115 1766 214 1806 dum
254 1766 306 1806 ab
347 1765 493 1806 inferis
527 1766 618 1820 ipse
650 1766 878 1806 Malleolus
912 1765 1093 1806 exsistat
1125 1768 1253 1819 atque
1287 1766 1362 1806 abs

21 1828 63 1865 te
91 1824 232 1866 officia
258 1825 432 1877 tutelae,
465 1825 709 1865 sodalitatis
738 1824 1134 1878 familiaritatisque
1166 1824 1363 1879 flagitet?

20 1883 166 1937 Ipsum
187 1885 340 1936 putato
362 1883 520 1924 adesse.
566 1883 706 1924 Homo
729 1883 980 1924 avarissime
1007 1885 1049 1924 et
1077 1883 1363 1937 spurcissime,

20 1942 146 1983 redde
185 1942 298 1983 bona
337 1942 497 1983 sodalis
534 1942 642 1995 filio,
687 1942 722 1983 si
760 1957 846 1983 11011
886 1956 993 1996 quae
1034 1942 1273 1995 abstulisti,
1319 1944 1363 1983 at

22 2015 128 2055 quae
175 2001 394 2042 confessus
441 2001 502 2041 es!
572 2000 656 2042 Cur
701 2002 820 2055 cogis
865 2000 1026 2041 sodalis
1070 2000 1209 2041 filium
1253 2001 1363 2042 hanc

0 2059 204 2114 *primam
254 2060 298 2100 111
342 2059 436 2100 soro
481 2074 630 2101 vocem
676 2075 771 2101 cum
818 2059 964 2100 dolore
1009 2061 1052 2100 et
1097 2059 1364 2113 querimonia

22 2118 246 2159 emittere?
274 2133 348 2160 cur
375 2118 535 2159 sodalis
562 2133 750 2171 uxorem,
783 2118 942 2159 sodalis
976 2132 1158 2170 socrum,
1191 2118 1361 2159 domum

21 2176 199 2231 denique
238 2180 377 2218 totam
418 2177 578 2217 sodalis
618 2177 777 2218 mortui
810 2180 960 2218 contra
991 2179 1033 2217 te
1066 2176 1363 2218 testimonium

22 2235 186 2277 dicere?
232 2251 304 2277 cur
345 2236 681 2290 pudentissimas
720 2235 1062 2288 lectissimasque
1099 2234 1280 2276 feminas
1319 2236 1363 2276 in

20 2296 188 2335 tantum
208 2295 398 2336 virorum
421 2297 677 2336 conventum
698 2294 897 2335 insolitas
922 2294 1165 2348 invitasque
1192 2294 1362 2348 prodire

0 2352 169 2407 *cog-is?
219 2353 370 2395 Recita
402 2353 592 2395 omnium
623 2353 881 2394 testimonia.
933 2352 1251 2394 TESTIMONIUM
1283 2365 1363 2393 MA·

21 2422 120 2453 TRIS
152 2423 211 2452 ΕΤ
244 2424 397 2453 AVIAE.
1260 2470 1266 2477 .
1377 2446 1432 2486 ὃς

109 2468 192 2511 Pro
213 2474 439 2524 quaestore
459 2485 559 2512 vero
588 2485 670 2526 quo
698 2470 824 2512 modo
851 2470 932 2511 iste
960 2485 1183 2511 commune
1210 2469 1360 2525 Mssya-
1390 2470 1432 2527 9‘5
