1618 2584
525 717 588 765 M.
623 716 810 764 TULLI
849 717 1178 765 CICERONIS

211 824 526 882 ACTIONIS
570 827 644 881 IN
690 826 746 882 O.
787 827 1077 882 VERREM
1123 826 1489 883 SECUNDAE

614 938 788 980 LIBER
820 937 1087 993 QUINTUS,

451 1030 532 1073 QUI
559 1030 866 1065 INSCRIBITUR
891 1030 954 1065 DE
982 1030 1253 1067 SUPPLICHS⁰

583 1208 1120 1252 ARGUMENTUM.

273 1290 410 1332 Quinto
442 1291 513 1325 hoc
545 1291 791 1325 accusationis
819 1290 912 1324 libro
940 1291 986 1324 M.
1011 1289 1154 1333 Cicero,
1189 1291 1287 1334 quod
1313 1302 1416 1325 reum
1443 1292 1520 1336 opi-
1593 1286 1607 1333 {l

177 1338 287 1372 nione
318 1338 371 1372 rei
403 1338 575 1372 militaris
608 1340 754 1372 strenue
787 1337 1070 1371 administratae
1100 1337 1247 1372 defendi
1275 1340 1312 1372 et
1337 1349 1521 1373 commen-

178 1385 258 1419 dari
295 1385 479 1419 iudicibus
517 1385 685 1427 videbat,
723 1396 817 1428 quae
856 1385 903 1418 ad
938 1395 1019 1419 eam
1056 1396 1132 1419 rem
1165 1387 1352 1430 spectant,
1392 1397 1435 1421 ea
1469 1386 1522 1421 ita

177 1432 423 1477 persequitur,
449 1434 490 1467 ut
509 1443 582 1467 non
609 1432 718 1466 modo
746 1432 998 1467 laudationem
1025 1442 1171 1467 omnem
1197 1432 1328 1467 tollere
1356 1434 1520 1476 conetur,

177 1492 306 1514 verum
326 1491 369 1514 ex
389 1480 460 1513 hoc
480 1480 559 1524 ipso
580 1480 662 1514 loco
689 1479 910 1524 gravissima
935 1479 973 1512 in
987 1479 1138 1514 Verrem
1166 1479 1320 1514 crimina
1346 1480 1521 1526 colligere
1595 1474 1604 1514 l'

179 1528 337 1562 studeat.
382 1526 477 1561 Dein
502 1529 622 1561 totam
649 1538 799 1561 causam
825 1528 983 1570 perorat.

132 1642 150 1721 ›nav-u·

268 1658 441 1700 Nemini
484 1658 607 1700 video
653 1658 828 1699 dubium
874 1673 983 1711 esse,
1033 1658 1209 1711 iudices,
1257 1658 1359 1713 quin
1404 1673 1521 1712 aper-

179 1718 346 1759 tissime
386 1717 430 1758 O.
458 1717 615 1759 Verres
653 1718 696 1758 in
731 1716 877 1759 Sicilia
915 1731 1036 1758 sacra
1074 1718 1340 1772 profanaque
1378 1719 1522 1759 omnia
1598 1722 1618 1778 l

179 1780 223 1818 et
261 1777 465 1831 privatim
504 1779 547 1817 et
585 1777 755 1831 publice
794 1776 993 1830 spoliarit
1027 1779 1307 1831 versatusque
1342 1777 1398 1818 sit
1430 1777 1521 1818 sine

179 1837 268 1877 ulla
299 1850 385 1877 non
418 1835 543 1876 modo
576 1836 802 1890 religione,
835 1849 983 1876 verum
1016 1835 1145 1875 etiam
1179 1835 1521 1877 dissimulatione
1601 1884 1602 1888 Ἰ

179 1895 224 1935 in
245 1895 361 1936 omni
383 1908 537 1949 genere
564 1894 732 1935 furandi
759 1896 887 1948 atque
914 1893 1159 1948 praedandi.
1203 1893 1285 1935 Sed
1312 1895 1520 1949 quaedam
1541 1912 1557 1937 5
1601 1930 1602 1947 2

180 1954 287 1994 mihi
325 1953 555 2008 magnifica
591 1955 633 1994 et
665 1954 886 2007 praeclara
919 1952 1007 1993 eius
1041 1953 1229 1994 defensio
1264 1953 1522 2007 ostenditur3

180 2013 247 2054 cui
286 2027 413 2066 quem
452 2012 505 2053 ad
541 2012 714 2053 modum
747 2012 965 2064 resistam,
1004 2012 1140 2052 multo
1174 2012 1280 2052 mihi
1314 2015 1412 2053 ante
1445 2015 1523 2067 est,

180 2071 357 2124 iudices,
403 2070 727 2125 providendum.
789 2070 857 2111 lta
902 2070 1015 2111 enim
1060 2085 1189 2112 causa
1232 2071 1523 2125 constituitur,

181 2129 446 2183 provinciam
474 2128 663 2170 Siciliam
691 2129 852 2170 virtute
884 2129 1011 2170 istius
1045 2132 1087 2170 et
1119 2129 1348 2185 vigilantia
1382 2130 1523 2185 singu-

181 2189 263 2230 lari
314 2188 453 2229 dubiis
503 2188 881 2242 formidolosisque
932 2188 1199 2242 temporibus
1252 2203 1276 2229 a
1323 2188 1522 2243 fugitivis
1543 2186 1605 2231 10¹

134 2257 153 2286 Ξ
182 2250 310 2301 atque
350 2262 375 2288 a
418 2247 522 2288 belli
567 2247 767 2301 periculis
811 2249 951 2287 tutam
994 2261 1084 2288 esse
1124 2249 1350 2288 servatam.
1413 2247 1524 2296 Quid

182 2320 328 2361 agam,
366 2306 555 2347 iudices?
601 2320 683 2360 quo
717 2305 1002 2347 accusationis
1036 2320 1153 2346 meae
1186 2306 1397 2347 rationem
1430 2321 1524 2348 con-

182 2364 330 2418 feram,
364 2380 447 2419 quo
475 2379 541 2406 me
568 2365 763 2406 vertam?
797 2364 849 2406 ad
877 2364 1016 2405 omnis
1044 2364 1156 2405 enim
1192 2378 1307 2405 meos
1339 2365 1524 2419 impetus

183 2424 305 2476 quasi
326 2437 473 2465 murus
494 2423 667 2478 quidam
689 2423 790 2464 boni
810 2437 967 2464 nomen
986 2424 1259 2479 imperatoris
1281 2423 1524 2479 opponitur.
