1618 2584
28 857 60 881 10

26 1150 59 1175 15

23 1444 58 1469 20

23 1738 55 1764 25

23 2031 56 2057 30

395 225 482 259 LIB.
510 225 543 259 ΙΙ
582 226 684 261 CAP.
712 230 768 270 46,
795 231 838 261 47
866 230 883 268 3
913 231 1106 262 112—118.
1337 229 1418 269 <241

171 320 263 362 Hoc
291 320 340 361 de
366 320 538 362 homine
565 336 613 363 ac
640 322 689 363 de
716 322 841 363 huius
868 322 992 363 bonis
1025 323 1156 364 etiam
1187 323 1231 363 in
1257 323 1395 377 Eryco

82 382 227 420 monte
271 383 594 421 monumentum
633 384 806 422 tuorum
847 381 1110 434 [furtorum,]
1155 382 1420 437 flagitiorum

82 438 432 491 crudelitatisque
483 439 684 493 posuisti,
733 440 777 480 in
826 454 907 493 quo
956 438 1106 480 Stheni
1151 440 1421 481 Thermitani

80 511 235 537 nomen
263 497 497 550 ascriptum
525 502 599 539 est.
647 497 747 538 Vidi
774 501 1025 552 argenteum
1046 498 1298 552 Cupidinem
1326 514 1419 541 cum

82 555 290 609 lampade.
348 554 457 603 Quid
483 557 656 597 tandem
682 557 834 597 habuit
861 558 1104 611 argumenti
1133 560 1207 598 aut
1239 558 1418 599 rationis

81 628 160 666 res,
192 628 319 667 quam
348 615 401 655 ob
430 629 519 655 rem
546 615 590 655 in
617 629 664 656 eo
692 616 966 669 potissimum
994 614 1275 658 Sthenianum
1301 632 1420 672 prae-

81 673 214 713 mium
247 674 506 726 poneretur?
545 676 688 713 utrum
720 673 801 715 hoc
834 674 1006 729 signum
1039 675 1286 729 cupiditatis
1318 679 1418 716 tuae

81 746 134 771 an
173 734 397 785 tropaeum
436 732 762 772 necessitudinis
803 735 930 786 atque
963 733 1142 787 hospitii
1175 749 1229 775 an
1261 735 1419 776 amoris

80 789 280 830 indicium
323 804 415 830 esse
453 790 658 831 voluisti?
726 790 905 832 Faciunt
943 791 1024 833 1100
1061 792 1274 845 11011111103,
1313 808 1418 847 quos

79 848 123 888 in
174 862 340 888 summa
388 849 580 902 nequitia
629 863 715 890 non
760 850 899 891 solum
943 850 1075 891 libido
1121 853 1163 892 et
1206 853 1420 906 voluptas,

79 921 227 947 verum
255 907 385 947 etiam
412 908 546 961 ipsius
572 908 788 961 nequitiae
814 908 931 949 fama
961 909 1157 962 delectat,
1189 913 1237 950 ut
1270 911 1418 952 multis

78 966 120 1006 in
149 966 254 1006 locis
281 969 405 1006 notas
434 981 482 1007 ac
514 967 700 1021 vestigia
732 981 906 1008 suorum
940 968 1202 1023 flagitiorum
1234 970 1419 1023 relinqui

79 1024 225 1065 velint.
276 1024 469 1065 Ardebat
497 1040 639 1066 amore
666 1025 782 1066 illius
815 1026 1024 1080 hospitae,
1056 1030 1234 1080 propter
1266 1043 1393 1082 quam

78 1083 258 1136 hospitii
284 1083 378 1124 iura
403 1084 605 1137 violarat,
632 1084 713 1126 hoc
738 1099 825 1125 non
852 1085 990 1125 solum
1018 1085 1116 1126 sciri
1142 1088 1244 1140 tum,
1271 1102 1418 1128 verum

79 1142 209 1182 etiam
254 1143 579 1183 commemorari
623 1158 789 1196 semper
833 1144 1024 1197 volebat3
1068 1144 1214 1198 itaque
1253 1159 1302 1186 ex
1341 1146 1419 1187 illa

78 1201 172 1254 ipsa
210 1215 273 1254 re,
312 1215 440 1254 quam
480 1204 706 1243 accusante
744 1202 968 1257 Agathino
1009 1206 1220 1257 gesserat,
1259 1204 1418 1245 Veneri

78 1259 352 1313 potissimum
373 1260 517 1300 deberi
542 1261 778 1313 praemium
806 1261 971 1314 statuit,
1000 1276 1105 1314 quae
1132 1262 1253 1302 illam
1279 1265 1417 1304 totam

79 1318 393 1360 accusationem
427 1319 711 1373 iudiciumque
745 1320 962 1361 conflarat.
1012 1319 1215 1361 Putarem
1247 1323 1290 1361 te
1324 1336 1418 1376 gra-

77 1380 170 1417 tum
216 1377 259 1417 in
303 1377 420 1430 deos,
465 1378 502 1418 si
546 1378 626 1419 hoc
666 1378 823 1419 donum
855 1378 1015 1419 Veneri
1052 1393 1138 1419 non
1177 1379 1226 1420 de
1267 1379 1416 1421 Stheni

77 1436 201 1476 bonis
253 1436 456 1489 dedisses,
508 1436 581 1477 sed
631 1436 681 1477 de
724 1437 828 1490 tuis3
879 1437 991 1490 quod
1034 1437 1173 1479 facere
1220 1438 1417 1492 debuisti,

77 1495 332 1548 praesertim
375 1510 468 1535 cum
507 1494 586 1536 tibi
624 1495 700 1536 illo
739 1496 832 1549 ipso
873 1510 983 1536 anno
1023 1511 1047 1536 a
1081 1495 1314 1538 Chelidone
1347 1512 1416 1539 ve-

77 1553 211 1594 nisset
243 1553 469 1594 hereditas.

1435 305 1490 345 47

1426 357 1492 387 115

1423 1034 1489 1067 11ss

166 1611 247 1652 Hic
274 1626 365 1666 ego,
399 1612 434 1652 si
460 1612 570 1653 hanc
603 1627 776 1653 causam
807 1627 894 1654 non
927 1613 1116 1654 omnium
1150 1612 1390 1655 Siculorum
1419 1621 1483 1652 117

78 1673 232 1725 rogatu
259 1671 525 1724 recepissem,
558 1671 594 1711 si
620 1671 700 1712 hoc
727 1686 751 1712 a
777 1686 844 1712 me
877 1672 1063 1712 muneris
1097 1687 1184 1713 11011
1215 1673 1416 1715 universa

76 1729 297 1783 provincia
333 1730 619 1783 poposcisset,
660 1730 695 1770 si
732 1744 799 1770 me
839 1730 1005 1771 animus
1046 1733 1173 1784 atque
1213 1746 1333 1773 amor
1371 1733 1415 1773 in

76 1802 165 1828 rem
193 1788 410 1842 publicam
438 1788 785 1842 existimatioque
813 1790 974 1829 offensa
1001 1790 1140 1830 nostri
1173 1790 1332 1831 ordinis
1367 1805 1415 1832 30

75 1846 327 1887 iudiciorum
364 1861 451 1888 non
482 1846 564 1887 hoc
594 1846 732 1888 facere
766 1847 994 1902 coegisset,
1035 1850 1162 1901 atque
1194 1848 1299 1890 haec
1331 1864 1415 1890 una

76 1919 203 1946 causa
245 1905 415 1957 fuisset,
462 1905 574 1959 quod
619 1905 801 1947 amicum
848 1908 975 1959 atque
1016 1906 1233 1961 hospitem
1272 1922 1412 1949 meum

76 1962 317 2017 Sthenium,
363 1979 487 2018 quem
534 1978 612 2019 ego
651 1964 695 2005 in
735 1967 964 2017 quaestura
1003 1979 1097 2006 mea
1136 1966 1414 2021 singulariter

77 2022 338 2076 dilexissem,
388 2023 437 2063 de
484 2037 565 2076 quo
612 2023 772 2077 optime
818 2023 1148 2077 existimassem,
1200 2039 1325 2078 quem
1369 2025 1414 2065 in

74 2081 296 2135 provincia
347 2081 678 2122 existimationis
729 2096 847 2123 meae
893 2082 1255 2124 studiosissimum
1301 2083 1413 2137 cupi-

75 2139 383 2194 dissimumque
416 2154 681 2195 cognossem,
713 2142 803 2181 tam
836 2141 1075 2194 crudeliter,
1108 2142 1312 2182 scelerate
1344 2156 1412 2182 ne-

74 2197 264 2252 farieque
284 2201 517 2240 tractasses
539 2223 593 2227 —
615 2201 761 2239 tamen
788 2199 917 2254 digna
944 2214 1072 2240 causa
1097 2199 1413 2241 videreturscur

74 2256 321 2298 inimicitias
360 2257 547 2298 hominis
586 2257 895 2312 improbissimi
934 2258 1211 2312 susciperem,
1254 2262 1302 2298 ut
1340 2258 1412 2300 ho-

22 2324 55 2350 35
75 2315 197 2369 spitis
226 2316 408 2357 salutem
434 2316 715 2370 fortunasque
744 2315 1022 2357 defenderem.
1072 2316 1280 2358 Fecerunt
1306 2316 1386 2358 hoc
1416 2323 1481 2355 118

74 2374 200 2414 multi
233 2375 345 2429 apud
378 2375 561 2416 maiores
595 2377 785 2428 nostros,
820 2374 922 2416 fecit
955 2375 1083 2416 etiam
1115 2390 1250 2430 nuper
1281 2375 1410 2417 homo

73 2433 349 2487 clarissimus,
377 2432 451 2475 Cn.
472 2433 700 2487 Domitius,
729 2433 800 2487 qui
826 2432 880 2474 M.
904 2432 1109 2486 Silanum,
1142 2434 1409 2475 consularem

144 2506 213 2533 CIC.
236 2508 275 2533 11.
310 2510 331 2533 1.
1087 2507 1126 2535 10
