1618 2584
469 29 568 65 CAP.
596 35 706 65 9—11
736 34 754 73 s
778 34 928 66 27—34.
1288 33 1371 73 109

37 128 83 171 Si
114 127 281 180 obicies,
311 126 408 167 idne
441 126 564 168 alteri
600 127 766 169 crimini
793 127 925 180 dabis,
957 127 1069 182 quod
1096 128 1242 169 eodem
1268 131 1372 170 tem-

37 201 139 244 pore
168 186 213 227 in
250 185 396 226 eadem
428 185 648 239 provincia
685 189 732 227 tu
769 186 861 241 ipse
892 185 1061 228 fecisti?
1103 186 1277 228 audebis
1310 187 1372 229 ita

38 258 232 289 accusare
276 244 476 297 alterum,
526 247 591 299 ut,
636 259 718 298 quo
763 245 903 286 minus
946 247 1038 286 tute
1082 245 1372 299 condemnere,

37 317 229 346 recusare
264 317 351 343 non
387 303 557 357 possis?
625 301 700 344 Sin
738 304 1076 358 praetermittes,
1114 305 1253 358 qualis
1293 305 1374 346 erit

2 365 110 406 otua
139 361 226 402 ista
257 362 489 413 accusatio,
529 376 636 416 quae
669 362 890 404 domestici
921 363 1100 417 periculi
1132 366 1248 405 metu
1286 378 1371 405 ccr-

35 420 192 463 tissimi
229 422 272 461 et
316 420 492 461 maximi
537 420 725 461 criminis
769 436 855 462 non
904 422 1030 464 modo
1075 422 1372 477 suspicionem,

35 494 180 522 verum
206 478 336 520 etiam
362 479 622 520 mentionem
646 478 785 533 ipsam
811 480 1116 534 pertimescat?
1165 480 1372 536 Emptum
1399 483 1442 515 32

36 540 99 580 est
125 552 175 579 ex
201 536 241 580 S.
267 536 312 579 C.
337 537 599 579 frumentum
626 537 680 578 ab
707 536 860 580 Siculis
892 545 1090 593 praetore
1116 539 1262 594 Verre,
1294 555 1371 594 pro

35 611 116 652 quo
153 595 371 638 frumento
409 596 587 650 pecunia
628 596 766 638 omnis
800 597 943 638 soluta
979 613 1066 639 non
1094 601 1170 640 est.
1233 599 1373 640 Grave

0 673 18 698 ,ο
36 658 100 697 est
130 654 212 697 hoc
243 655 403 696 crimen
433 655 478 696 in
502 654 693 708 Verrem,
726 669 856 710 grave
889 671 955 697 me
988 660 1155 712 agente,
1185 660 1228 699 te
1256 673 1373 700 accu—

35 716 155 757 sante
186 714 372 767 nullum3
405 728 498 755 eras
528 713 641 755 enim
665 716 714 755 tu
741 718 955 769 quaestor,
986 716 1210 769 pecuniam
1236 717 1374 771 publi—

35 788 126 816 cam
163 774 212 814 tu
248 772 486 826 tractabas3
531 787 580 813 ex
620 787 719 827 qua,
764 773 935 814 etiamsi
971 773 1144 829 cuperet
1187 778 1374 830 praetor,

33 835 196 886 tamen,
233 846 287 872 ne
326 846 409 886 qua
447 831 641 873 deductio
679 831 818 886 fieret,
858 846 1018 888 magna
1055 848 1105 874 ex
1142 836 1266 888 parte
1297 837 1373 876 tua

33 893 226 946 potestas
259 893 363 932 erat.
421 890 560 931 Huius
593 905 760 945 quoque
791 890 926 945 igitur
958 891 1148 933 criminis
1180 895 1223 934 te
1256 908 1373 935 accu-

0 978 11 994 1
34 952 155 992 sante
207 949 368 991 mentio
423 949 545 990 nulla
600 950 691 1003 fiet3
735 949 931 991 silebitur
974 953 1067 992 toto
1117 951 1271 993 iudicio
1323 953 1372 993 de

33 1008 231 1050 maximis
270 1010 313 1049 et
349 1008 588 1049 notissimis
625 1008 743 1050 illius
780 1008 908 1050 furtis
950 1011 992 1050 et
1022 1009 1202 1051 iniuriis
1264 1010 1373 1052 Mihi

4 1068 170 1155 lcrede,
214 1066 390 1121 Caecili,
433 1082 520 1109 non
559 1069 704 1122 potest
746 1068 790 1108 in
823 1068 1058 1109 accusando
1098 1069 1236 1110 socios
1274 1084 1373 1111 vere

33 1126 254 1168 defendere
279 1126 328 1179 is,
350 1126 422 1180 qui
442 1141 538 1168 cum
556 1140 629 1167 reo
650 1126 876 1168 criminum
896 1127 1101 1168 societate
1121 1128 1372 1170 coniunctus

32 1187 109 1228 est.
175 1184 393 1239 Mancipes
432 1200 457 1226 a
494 1185 740 1227 civitatibus
777 1200 856 1240 pro
893 1185 1109 1228 frumento
1147 1188 1372 1241 pecuniam
1399 1197 1442 1228 33

11 1246 276 1299 exegerimt.
351 1243 489 1293 Quid?
539 1243 621 1286 hoc
663 1243 798 1285 Verre
846 1247 1045 1299 praetore
1094 1244 1256 1287 factum
1307 1249 1373 1287 est

33 1303 201 1345 solum?
268 1301 384 1356 Non,
435 1303 507 1344 sed
552 1303 682 1344 etiam
727 1306 951 1357 quaestore
996 1303 1195 1346 Caecilio.
1262 1304 1372 1353 Quid

31 1362 194 1418 igitur?
227 1361 404 1403 daturus
430 1376 474 1403 es
499 1361 598 1403 huic
624 1362 802 1416 crimini,
829 1362 941 1416 quod
967 1365 1009 1404 et
1028 1363 1210 1417 potuisti
1229 1365 1372 1418 prohi-

14 1408 132 1462 lbere
173 1435 227 1462 ne
267 1421 389 1461 fieret
428 1423 472 1461 et
516 1421 718 1475 debuisti,
762 1436 817 1462 an
859 1423 1002 1462 totum
1045 1421 1088 1462 id
1125 1422 1371 1477 relinques?

30 1479 150 1535 Ergo
191 1479 235 1520 id
272 1479 445 1521 omnino
484 1478 640 1521 Verres
678 1479 723 1521 in
765 1479 920 1521 iudicio
967 1495 1043 1522 suo
1087 1495 1174 1522 non
1217 1482 1372 1537 audiet,

34 1539 145 1594 quod
177 1553 272 1580 cum
302 1538 501 1592 faciebat,
534 1553 660 1592 quem
691 1539 745 1580 ad
770 1539 943 1580 modum
970 1539 1220 1582 defensurus
1247 1544 1372 1596 esset,

30 1612 116 1640 non
146 1597 399 1652 reperiebat.

118 1655 262 1710 Atque
295 1670 374 1712 ego
406 1655 523 1710 haec,
556 1670 663 1710 quae
694 1656 740 1698 in
770 1656 910 1698 medio
942 1657 1086 1712 posita
1118 1660 1230 1712 sunt,
1257 1673 1370 1700 com-
1389 1663 1438 1703 11

42 1730 238 1769 nemoro3
271 1717 371 1756 sunt
403 1715 488 1756 alia
518 1715 657 1770 magis
690 1716 858 1757 occulta
894 1715 1022 1770 furta,
1061 1731 1169 1771 quae
1201 1717 1286 1772 ille,
1325 1721 1373 1759 ut

49 1774 173 1828 stius,
211 1774 352 1828 credo,
384 1774 550 1816 animos
583 1777 711 1829 atque
742 1775 928 1829 impetus
959 1776 1217 1830 retardaret,
1257 1777 1372 1818 beni-

34 1833 236 1874 -nissime
250 1848 345 1875 011111
361 1835 587 1887 quaestore
602 1848 678 1876 suo
693 1834 1035 1876 communicavit.
1079 1835 1197 1877 Haec
1216 1838 1264 1876 tu
1289 1836 1371 1877 scis
1398 1844 1442 1875 34

36 1891 84 1934 :d
109 1907 176 1934 me
203 1907 294 1933 esse
320 1892 481 1946 delata,
508 1907 615 1946 quae
642 1892 677 1934 si
700 1893 829 1934 velim
849 1892 1052 1948 proferre,
1076 1893 1203 1935 facile
1225 1909 1371 1936 omnes

14 1955 17 1959 '
57 1951 284 2007 utellegent
302 1951 424 1993 vobis
445 1951 557 1992 inter
579 1966 655 1993 vos
680 1966 768 1993 non
793 1952 918 1993 modo
945 1952 1214 1994 voluntatem
1239 1952 1371 1995 fuisse

19 2032 24 2046 ι
55 2010 318 2065 oniunctam,
350 2010 424 2052 sed
454 2025 507 2051 ne
538 2011 741 2065 praedam
774 2010 943 2064 quidem
976 2011 1113 2053 adhuc
1145 2026 1236 2053 esse
1269 2012 1371 2053 divi-

42 2083 134 2111 am.
184 2068 455 2124 Quapropter
486 2069 523 2110 si
554 2069 634 2110 tibi
658 2069 861 2111 indicium
892 2070 1089 2124 postulas
1123 2070 1226 2125 dari,
1259 2071 1371 2125 quod

11 2137 21 2162 s
54 2141 171 2170 ecum
195 2143 281 2170 una
310 2127 471 2179 fecerit,
503 2128 698 2179 concedo,
731 2128 767 2170 si
797 2128 841 2169 id
867 2128 962 2184 lege
987 2129 1271 2184 permittitur,
1305 2130 1372 2171 sin

14 2188 173 2228 utem
211 2187 261 2228 de
298 2187 568 2230 accusatione
606 2187 801 2242 dicimus,
846 2188 1052 2230 concedas
1091 2191 1263 2243 oportet
1305 2189 1370 2243 iis,

46 2245 103 2286 ·ui
125 2245 246 2288 nullo
273 2260 349 2289 suo
374 2248 550 2302 peccato
577 2246 880 2302 impediuntur,
913 2261 996 2302 quo
1023 2247 1164 2289 minus
1192 2248 1369 2290 alterius
