1618 2584
357 275 444 309 LIB.
472 275 505 309 11
562 275 664 310 CAP.
694 279 828 309 19--11
857 279 876 317 s
902 279 1051 309 46—50.
1291 274 1374 314 217

40 372 318 427 perturbatus
358 374 433 411 est.
495 369 583 412 Ubi
621 385 664 411 se
703 371 896 425 collegit,
933 372 1059 412 vocat
1092 369 1145 410 ad
1176 384 1220 411 30
1254 368 1377 423 Syra-

42 445 240 485 cusanos,
291 430 363 484 qui
406 444 491 470 non
535 432 682 484 posset
723 444 881 485 negare
927 429 979 470 ab
1024 429 1111 469 illis
1155 429 1377 483 pecuniam

41 490 205 542 datam,
249 503 335 529 non
381 489 593 543 quaesivit
636 489 784 543 procul
830 488 1022 529 alicunde
1066 486 1221 542 (neque
1266 488 1378 528 enim

39 547 276 602 probaret),
310 547 383 588 sed
409 548 663 602 proximum,
696 562 828 601 paene
856 548 1039 588 alterum
1070 547 1220 599 filium,
1254 561 1378 600 quem

41 607 161 648 illam
188 606 412 661 pecuniam
440 606 599 647 diceret
625 606 876 660 abstulisse,
909 606 1097 647 ostendit
1129 620 1173 646 se
1204 605 1378 645 reddere

40 668 300 707 coacturum.
353 665 433 713 Qui
465 667 749 719 posteaquam
781 665 824 705 id
857 665 1031 718 audivit,
1062 664 1215 705 habuit
1247 667 1289 705 et
1321 664 1378 704 di-

42 724 221 780 gnitatis
249 727 291 765 et
318 723 473 765 aetatis
502 725 544 763 et
574 724 819 764 nobilitatis
853 738 953 764 suae
986 724 1216 776 rationem,
1248 723 1380 764 verba

42 783 154 837 apud
193 785 387 823 senatum
423 782 543 835 fecit,
581 782 725 822 docuit
758 782 810 822 ad
842 797 886 823 se
917 783 1026 822 nihil
1059 782 1290 835 pertinere,
1330 782 1379 822 de

40 842 137 894 isto,
168 841 212 882 id
239 841 351 895 quod
384 855 530 882 omnes
563 841 778 894 videbant,
809 855 861 881 ne
892 841 966 881 ille
999 841 1168 894 quidem
1202 842 1379 882 obscure

4 901 207 942 olocutus
254 903 328 941 est.
396 900 547 953 Itaque
591 899 657 940 illi
696 898 953 953 Syracusani
998 903 1189 940 statuam
1228 902 1381 954 postea

41 962 297 1012 statuerunt,
331 960 373 999 et
398 959 447 1011 is,
479 960 527 999 ut
553 958 739 1012 primum
772 959 926 1013 potuit,
958 958 1090 999 istum
1122 959 1297 1012 reliquit
1330 959 1379 999 de

39 1018 343 1072 provinciaque
395 1017 587 1059 decessit.
655 1017 712 1057 Et
762 1020 908 1058 tamen
956 1018 1076 1058 aiunt
1119 1032 1214 1058 011111
1260 1017 1379 1071 queri

41 1077 178 1118 solere
221 1092 309 1119 non
350 1076 494 1130 inique
533 1090 577 1117 30
615 1077 837 1131 miserum,
883 1076 995 1130 quod
1032 1091 1119 1117 non
1157 1076 1263 1130 suis,
1308 1076 1380 1117 sed

41 1151 215 1177 suorum
252 1136 438 1190 peccatis
477 1135 809 1189 criminibusque
841 1138 1072 1190 prematur.
1130 1135 1380 1176 Triennium

0 1205 20 1231 5
39 1195 307 1249 provinciam
337 1194 580 1248 obtinuisti,
614 1209 754 1250 gener,
786 1195 922 1236 lectus
957 1194 1216 1247 adulescens,
1248 1209 1380 1234 unum

40 1269 198 1294 annum
242 1256 382 1295 tecum
425 1253 527 1306 fuit,
577 1254 764 1307 sodales,
812 1253 894 1294 viri
937 1253 1090 1305 fortes,
1138 1253 1273 1308 legati
1317 1253 1381 1293 tui

39 1313 177 1367 primo
217 1327 327 1353 armo
367 1315 409 1352 te
447 1312 730 1366 reliquerunt,
774 1327 883 1353 unus
922 1313 1091 1366 legatus
1130 1311 1175 1352 P.
1209 1311 1380 1363 Tadius,

40 1372 111 1425 qui
144 1375 235 1412 erat
266 1371 469 1424 reliquus,
499 1386 587 1411 non
617 1372 680 1412 ita
712 1372 897 1412 multum
929 1374 1072 1412 tecum
1104 1370 1205 1424 fuit,
1240 1371 1311 1425 qui
1345 1371 1381 1411 si

42 1445 209 1484 semper
240 1445 326 1471 una
358 1434 496 1470 tecum
528 1430 699 1483 fuisset,
734 1432 880 1470 tamen
914 1431 1100 1481 [summa
1132 1431 1251 1481 cura]
1286 1444 1381 1470 cum

0 1502 21 1524 ὐ
40 1492 152 1541 tuae,
183 1492 276 1529 tum
302 1489 440 1529 multo
468 1488 599 1529 etiam
629 1489 767 1543 magis
801 1503 901 1529 suae
934 1488 1074 1529 famae
1107 1488 1380 1542 pepercisset.

42 1547 153 1596 Quid
186 1550 268 1601 est,
302 1547 414 1601 quod
445 1549 493 1587 tu
526 1548 633 1588 alios
668 1548 867 1588 accuses‘.>
914 1547 1014 1600 quid
1048 1549 1129 1599 est,
1164 1561 1292 1600 quam
1326 1547 1379 1587 ob

40 1620 131 1647 rem
156 1609 281 1661 putes
307 1609 349 1647 te
375 1608 495 1646 tuam
523 1606 693 1660 culpam
724 1620 810 1647 11011
843 1606 968 1646 modo
1004 1605 1195 1646 derivare
1227 1605 1273 1645 in
1305 1606 1379 1646 ali-

41 1680 184 1719 quem,
229 1665 302 1706 sed
346 1666 658 1706 communicare
697 1679 792 1706 cum
830 1665 966 1705 altero
1006 1664 1162 1718 posse?
1224 1663 1380 1705 Nume-

40 1727 191 1765 rantur
216 1724 293 1765 illa
320 1722 391 1764 HS
412 1723 505 1767 ἶόἇ
532 1723 821 1777 Syracusanis.
877 1723 943 1764 Ea
969 1738 1093 1777 quem
1124 1723 1177 1763 ad
1209 1723 1381 1764 modum

0 1794 21 1819 25
42 1783 95 1824 ad
114 1783 246 1824 istum
267 1785 419 1836 postea
443 1799 520 1838 per
546 1783 884 1837 pseudothyrum
911 1784 1193 1835 revertantur,
1219 1782 1381 1823 tabulis

39 1842 163 1884 vobis
194 1842 481 1896 testibusque,
512 1842 690 1895 iudices,
722 1842 899 1896 planum
930 1841 1098 1882 faciam.

1406 1027 1448 1057 49

1408 1679 1451 1709 50

127 1901 193 1942 Ex
236 1901 317 1942 hac
357 1901 585 1956 iniquitate
628 1900 754 1941 istius
800 1903 842 1941 et
870 1900 1167 1954 improbitate,
1210 1900 1447 1953 10011003,Ξέ

42 1960 155 2014 quod
192 1960 352 2015 praeda
389 1975 439 2001 ex
476 1960 564 2001 illis
603 1960 728 2001 bonis
767 1959 819 2000 ad
857 1960 1017 2000 multos
1053 1958 1381 2012 [Syracusanos]

41 2019 177 2060 invito
205 2019 366 2074 populo
400 2022 635 2073 senatuque
669 2017 936 2072 Syracusano
969 2020 1157 2072 venerat,
1189 2018 1267 2058 illa
1299 2033 1382 2059 sce-

0 2089 22 2114 =0
41 2078 133 2119 lera
175 2093 251 2132 per
289 2078 626 2119 Theomnastum
673 2081 715 2118 et
748 2078 1056 2118 Aeschrionem
1095 2079 1138 2118 et
1174 2076 1383 2130 Dionyso-

44 2137 194 2179 dorum
240 2140 282 2178 et
321 2136 593 2179 Cleomenem
637 2137 898 2177 invitissima
943 2136 1116 2177 civitate
1154 2135 1232 2176 illa
1269 2138 1383 2176 facta

44 2199 160 2250 sunt,
204 2196 391 2251 primum
435 2199 483 2237 ut
526 2196 629 2236 urbs
672 2198 767 2236 tota
806 2195 1082 2249 spoliaretur,
1129 2209 1211 2248 qua
1251 2194 1299 2235 de
1337 2209 1382 2235 re

43 2255 152 2296 alius
174 2255 281 2296 mihi
300 2256 420 2297 locus
446 2255 499 2296 ad
526 2254 747 2295 dicendum
775 2257 840 2295 031
867 2253 1138 2306 00113111111113,
1165 2256 1213 2293 111
1240 2253 1383 2294 omnia

43 2314 168 2370 signa
211 2315 294 2355 iste
338 2329 414 2369 per
459 2329 530 2355 eos
574 2314 788 2366 homines,
833 2327 939 2367 quos
976 2312 1213 2365 nominavi,
1259 2327 1383 2353 omne

0 2383 23 2408 ⁵5
44 2351 148 2414 ebour
174 2388 224 2414 ex
251 2373 425 2415 aedibus
457 2373 600 2425 sacris,
634 2387 779 2413 01111103
811 2372 997 2426 undique
1030 2372 1201 2412 tabulas
1233 2372 1384 2425 pictas,

45 2431 219 2473 deorum
241 2432 421 2486 denique
443 2432 684 2484 simulacra,
706 2446 812 2485 quae
832 2431 975 2483 vellet,
1003 2430 1207 2484 aufe1r3et
1234 2430 1383 2471 deinde

42 2493 91 2531 ut
128 2491 173 2532 in
207 2492 324 2532 curia
358 2490 597 2546 Syracusis,
637 2505 760 2544 quem
793 2490 934 2531 10011111
966 2465 1032 2530 1111
1065 2486 1383 2543 βουλευτηριου
