1618 2584
0 0 1618 198 '’F—l

134 209 221 250 494
536 209 586 243 IN
615 209 650 243 C.
673 209 877 243 VERREM
903 209 1005 244 ACT.
1033 210 1076 245 ΙΙ.

136 305 320 346 voluisse
354 320 557 358 crescere,
595 304 678 345 is'to
713 304 930 357 absoluto,
970 305 1082 357 quod
1115 306 1204 346 3100
1237 306 1471 348 multorum

136 364 292 404 scelere
313 364 404 404 fieri
426 379 510 404 non
534 366 687 417 potest,
716 363 765 404 de
792 363 940 403 multis
968 363 1072 404 mihi
1099 378 1285 406 crescere
1312 366 1470 406 licebit.

64 427 118 467 68
224 421 304 462 Sed
325 423 565 463 mehercule
587 424 731 462 vestra
752 421 894 475 reique
916 422 1110 475 publicae
1135 437 1274 476 causa,
1299 423 1470 477 iudices,

132 481 232 521 nolo
260 482 305 521 in
330 481 410 522 1100
441 481 603 521 delecto
637 480 815 521 consilio
848 483 1017 521 tantum
1050 481 1205 535 fiagitii
1238 496 1329 537 esse
1361 497 1471 523 0010-

133 539 331 591 111133001,
369 540 469 579 11010
509 554 579 579 003
618 539 794 592 iudices,
834 553 939 592 quos
976 553 1055 594 ego
1088 540 1308 593 probarim
1342 544 1507 594 atque5

134 598 377 652 delegerim,
411 598 471 638 sic
502 597 545 638 in
578 598 658 639 hac
690 598 794 638 urbe
827 600 1000 638 notatos
1034 598 1117 639 isto
1152 599 1351 639 absoluto
1385 614 1470 640 am-

133 656 299 709 bulare,
338 659 386 696 ut
418 671 504 696 non
537 671 650 708 cera,
684 656 755 696 sed
789 670 917 697 caeno
952 656 1077 697 obliti
1110 671 1201 697 esse
1233 657 1470 699 videantur.

65 724 128 754 174
157 714 293 761 Quam
327 715 381 755 ob
415 729 503 755 rem
537 718 579 755 te
615 729 800 768 quoque,
839 715 1062 767 Hortensi,
1095 716 1131 756 si
1164 716 1235 769 qui
1268 717 1467 757 monendi

132 774 250 814 10003
296 788 345 814 ex
388 773 469 814 hoc
514 774 606 814 1000
653 776 732 826 est,
778 774 1134 827 moneo,·videas
1174 774 1304 815 etiam
1343 778 1470 828 atque

132 832 262 872 etiam
290 835 332 872 et
359 832 611 884 consideres,
640 832 739 885 quid
767 847 883 884 agas,
914 846 996 886 quo
1023 834 1312 887 progrediare,
1345 849 1470 887 quem
1492 847 1525 871 10

132 890 349 931 hominem
377 894 419 931 et
447 906 530 944 qua
557 891 723 932 ratione
754 891 966 931 defendas.
1018 890 1166 945 Neque
1200 892 1249 932 de
1280 892 1356 933 illo
1390 893 1470 933 tibi

133 949 360 1003 quicquam
392 950 616 1003 praefinio,
650 964 732 1003 quo
765 950 903 990 minus
936 950 1109 1004 ingenio
1143 965 1308 991 mecum
1341 953 1469 1004 atque

133 1008 248 1048 omni
276 1008 440 1049 dicendi
466 1009 674 1049 facultate
702 1009 953 1061 contendas3
986 1011 1126 1049 cetera
1159 1009 1194 1049 si
1228 1024 1310 1062 qua
1342 1013 1468 1064 putas

122 1072 173 1119 ‘te
212 1067 418 1108 occultius
459 1071 579 1108 extra
618 1067 837 1120 iudicium,
878 1082 984 1120 (1000
1023 1068 1073 1107 ad
1108 1068 1309 1108 iudicium
1342 1069 1469 1122 perti-

129 1128 272 1178 neant,
297 1126 436 1167 facere
463 1141 601 1180 posse,
634 1126 670 1166 si
697 1126 797 1179 quid
824 1126 1017 1179 artificio,
1045 1127 1235 1179 consilio,
1262 1128 1469 1181 potentia,
1491 1139 1522 1164 15

131 1185 284 1239 gratia,
317 1185 450 1238 copiis
478 1185 602 1225 istius
638 1185 780 1225 moliri
812 1185 991 1239 cogitas,
1024 1199 1181 1239 magno
1216 1200 1343 1239 opere
1376 1201 1468 1227 000-

131 1258 201 1284 300
230 1244 412 1284 desistas
440 1246 482 1284 et
508 1244 595 1291 illa,
630 1258 736 1297 quae
763 1246 977 1297 temptata
1004 1244 1088 1284 iam
1117 1246 1159 1284 et
1186 1246 1338 1298 coepta
1370 1247 1470 1285 sunt

130 1302 183 1342 ab
216 1302 318 1353 isto,
357 1318 381 1342 a
414 1317 480 1342 me
513 1305 656 1343 autem
690 1302 984 1356 pervestigata
1017 1305 1059 1343 et
1092 1303 1282 1355 cognita,
1317 1318 1468 1344 moneo
1591 1337 1592 1358 1

128 1363 176 1400 ut
216 1361 464 1415 exstinguas
504 1364 547 1401 et
584 1361 755 1415 longius
794 1360 996 1415 progredi
1034 1375 1086 1401 ne
1119 1361 1259 1401 sinas·
1308 1361 1467 1416 Magno
1591 1398 1592 1421 1

128 1422 202 1459 tuo
235 1419 424 1473 periculo
458 1420 701 1472 peccabitur
734 1419 778 1460 in
810 1419 890 1460 hoc
922 1419 1094 1472 iudicio,
1131 1420 1307 1472 maiore,
1341 1435 1465 1473 quam
1489 1433 1523 1456 90
1591 1431 1593 1473 ξ

63 1485 124 1516 175
152 1480 291 1531 putas.
354 1478 476 1526 Quod
515 1479 627 1518 enim
665 1480 707 1518 te
746 1478 978 1518 liberatum
1017 1477 1102 1518 iam
1136 1478 1467 1520 existimationis
1591 1475 1594 1544 1

128 1539 262 1591 metu,
299 1536 544 1576 defunctum
576 1536 811 1577 honoribus
847 1536 1118 1590 designatum
1152 1538 1370 1578 consulem
1403 1552 1467 1578 co-

129 1596 257 1649 gites,
296 1595 403 1635 mihi
435 1595 573 1647 crede,
607 1597 860 1636 ornamenta
891 1595 976 1635 ista
1009 1597 1050 1635 et
1082 1595 1287 1636 beneficia
1319 1596 1467 1650 populi

127 1654 313 1694 Romani
344 1668 429 1694 non
462 1654 626 1694 minore
658 1654 832 1707 negotio
866 1654 1105 1694 retinentur
1139 1669 1265 1707 quam
1299 1670 1466 1709 compa-

127 1715 287 1753 rantur.
351 1712 470 1753 Tulit
508 1712 613 1754 haec
648 1712 818 1765 civitas,
858 1712 997 1765 quoad
1029 1713 1188 1767 potuit,
1228 1714 1367 1766 quoad
1399 1728 1467 1754 ne·
1487 1725 1520 1750 25

127 1786 242 1813 cesse
286 1771 385 1825 fuit,
431 1772 594 1826 regiani
638 1771 767 1811 istam
813 1774 1001 1811 vestram
1047 1771 1381 1813 dominationem
1423 1772 1467 1812 in

126 1830 292 1871 iudiciis
338 1833 381 1870 et
424 1830 469 1870 in
508 1830 623 1871 omni
662 1844 706 1870 re
745 1830 935 1883 publica,
978 1830 1098 1882 tulit3
1144 1831 1233 1883 sed,
1278 1845 1360 1884 quo
1390 1831 1466 1871 die

126 1889 284 1943 populo
324 1888 520 1929 Romano
567 1888 729 1928 tribuni
774 1888 890 1941 plebi
932 1888 1123 1929 restituti
1162 1892 1277 1941 sunt,
1324 1889 1465 1930 onmia

126 1947 211 1987 ista
238 1947 373 2000 vobis,
400 1948 436 1987 si
462 1947 575 1987 forte
602 1946 788 1987 nondum
817 1946 1082 2003 intellegitis,
1110 1947 1310 2000 adempta
1337 1951 1465 2002 atque

127 2009 274 2059 erepta
317 2008 427 2046 sunt.
490 2005 691 2046 Omnium
729 2020 840 2046 nunc
879 2005 990 2046 oculi
1029 2006 1209 2047 coniecti
1248 2008 1348 2047 sunt
1386 2007 1464 2047 1100
1484 2018 1519 2043 30

126 2065 219 2118 ipso
264 2067 459 2118 tempore
500 2065 543 2105 in
585 2079 716 2104 unum
756 2078 965 2117 quemque
1004 2067 1217 2118 nostrum,
1263 2079 1346 2118 qua
1383 2065 1464 2106 fide

127 2137 205 2177 ego
234 2137 440 2173 accusem,
471 2138 555 2176 qua
581 2123 789 2177 religione
816 2122 859 2163 hi
885 2122 1083 2176 iudicent,
1116 2138 1199 2177 qua
1225 2126 1272 2164 tu
1298 2123 1464 2164 ratione

56 2189 120 2219 176
150 2181 363 2222 defendas,
408 2181 471 2223 De
493 2182 691 2222 omnibus
713 2181 849 2234 nobis,
876 2181 910 2221 31
932 2181 1003 2233 (101
1029 2182 1245 2222 tantulum
1273 2182 1322 2223 de
1348 2184 1465 2222 recta

125 2240 299 2294 regione
340 2240 574 2293 deflexerit,
612 2255 698 2280 non
736 2240 812 2280 illa
850 2240 983 2280 tacita
1019 2240 1297 2292 existimatio,
1337 2255 1462 2293 quam

126 2302 252 2339 antea
278 2302 551 2339 contemnere
582 2298 801 2351 solebatis,
834 2298 907 2339 sed
940 2298 1167 2339 vehemens
1201 2314 1248 2339 ac
1280 2299 1463 2339 liberum
1484 2309 1515 2334 35

57 2363 151 2404 (176)
180 2357 329 2410 11011011
366 2357 552 2398 Romani
594 2357 796 2397 iudicium
839 2360 1132 2410 consequetur.
1201 2356 1334 2398 Nulla
1372 2358 1464 2411 tibi,

124 2414 299 2465 Quinte,
337 2430 432 2457 cum
465 2416 551 2457 isto
584 2416 803 2470 cognatio,
838 2416 959 2456 nulla
990 2416 1277 2469 necessitudo;
1310 2416 1463 2470 quibus
