<?xml version="1.0" encoding="UTF-8"?>
<!DOCTYPE html PUBLIC "-//W3C//DTD XHTML 1.0 Transitional//EN"
    "http://www.w3.org/TR/xhtml1/DTD/xhtml1-transitional.dtd">
<html xmlns="http://www.w3.org/1999/xhtml" xml:lang="en" lang="en">
 <head>
  <title>
</title>
<meta http-equiv="Content-Type" content="text/html;charset=utf-8" />
  <meta name='ocr-system' content='tesseract 3.04.00' />
  <meta name='ocr-capabilities' content='ocr_page ocr_carea ocr_par ocr_line ocrx_word'/>
</head>
<body>
  <div class='ocr_page' id='page_1' title='image "./p1scriptaquaemanse02ciceuoft_0583.png"; bbox 0 0 1618 2584; ppageno 0'>
   <div class='ocr_carea' id='block_1_1' title="bbox 327 246 1351 290">
    <p class='ocr_par' dir='ltr' id='par_1_1' title="bbox 327 246 1351 290">
     <span class='ocr_line' id='line_1_1' title="bbox 327 246 1351 290; baseline 0.004 -10"><span class='ocrx_word' id='word_1_1' title='bbox 327 246 415 281; x_wconf 81' lang='lat' dir='ltr'><strong>LIB.</strong></span> <span class='ocrx_word' id='word_1_2' title='bbox 438 247 469 281; x_wconf 89' lang='lat' dir='ltr'><strong>V</strong></span> <span class='ocrx_word' id='word_1_3' title='bbox 513 246 612 281; x_wconf 87' lang='lat' dir='ltr'>CAP.</span> <span class='ocrx_word' id='word_1_4' title='bbox 634 250 773 281; x_wconf 82' lang='lat'>41—43</span> <span class='ocrx_word' id='word_1_5' title='bbox 798 250 817 288; x_wconf 68' lang='grc' dir='ltr'>ξ</span> <span class='ocrx_word' id='word_1_6' title='bbox 846 251 1041 281; x_wconf 83' lang='grc'>106-112.</span> <span class='ocrx_word' id='word_1_7' title='bbox 1266 248 1351 290; x_wconf 87' lang='grc'>469</span> 
     </span>
    </p>
   </div>
   <div class='ocr_carea' id='block_1_2' title="bbox 0 340 1425 2504">
    <p class='ocr_par' dir='ltr' id='par_1_2' title="bbox 0 340 1425 1626">
     <span class='ocr_line' id='line_1_2' title="bbox 13 340 1353 398; baseline -0.001 -13"><span class='ocrx_word' id='word_1_8' title='bbox 13 343 301 398; x_wconf 73' lang='lat' dir='ltr'><strong>hospitiorum</strong></span> <span class='ocrx_word' id='word_1_9' title='bbox 337 342 431 383; x_wconf 88' lang='lat' dir='ltr'>iura</span> <span class='ocrx_word' id='word_1_10' title='bbox 465 345 592 396; x_wconf 88' lang='lat' dir='ltr'>atque</span> <span class='ocrx_word' id='word_1_11' title='bbox 625 342 766 383; x_wconf 85' lang='lat' dir='ltr'>officia</span> <span class='ocrx_word' id='word_1_12' title='bbox 799 341 1082 396; x_wconf 77' lang='lat' dir='ltr'>quaeramus?</span> <span class='ocrx_word' id='word_1_13' title='bbox 1138 340 1245 384; x_wconf 85' lang='lat' dir='ltr'>Cum</span> <span class='ocrx_word' id='word_1_14' title='bbox 1276 343 1353 384; x_wconf 90' lang='lat' dir='ltr'>ho-</span> 
     </span>
     <span class='ocr_line' id='line_1_3' title="bbox 15 400 1354 454; baseline -0.001 -12"><span class='ocrx_word' id='word_1_15' title='bbox 15 402 182 443; x_wconf 90' lang='lat' dir='ltr'>minene</span> <span class='ocrx_word' id='word_1_16' title='bbox 221 401 381 442; x_wconf 88' lang='lat' dir='ltr'>crudeli</span> <span class='ocrx_word' id='word_1_17' title='bbox 418 401 543 442; x_wconf 90' lang='lat' dir='ltr'>nobis</span> <span class='ocrx_word' id='word_1_18' title='bbox 582 415 649 442; x_wconf 91' lang='lat' dir='ltr'>res</span> <span class='ocrx_word' id='word_1_19' title='bbox 690 403 756 442; x_wconf 90' lang='lat' dir='ltr'>est</span> <span class='ocrx_word' id='word_1_20' title='bbox 794 415 848 442; x_wconf 87' lang='lat' dir='ltr'>an</span> <span class='ocrx_word' id='word_1_21' title='bbox 880 416 975 442; x_wconf 92' lang='lat' dir='ltr'>cum</span> <span class='ocrx_word' id='word_1_22' title='bbox 1006 400 1098 442; x_wconf 86' lang='lat' dir='ltr'>fera</span> <span class='ocrx_word' id='word_1_23' title='bbox 1131 403 1259 454; x_wconf 90' lang='lat' dir='ltr'>atque</span> <span class='ocrx_word' id='word_1_24' title='bbox 1290 402 1354 442; x_wconf 90' lang='lat' dir='ltr'>in-</span> 
     </span>
     <span class='ocr_line' id='line_1_4' title="bbox 13 459 1354 513; baseline -0.001 -12"><span class='ocrx_word' id='word_1_25' title='bbox 13 460 131 501; x_wconf 86' lang='lat' dir='ltr'><strong>mani</strong></span> <span class='ocrx_word' id='word_1_26' title='bbox 168 460 324 501; x_wconf 85' lang='lat' dir='ltr'>belua‘?</span> <span class='ocrx_word' id='word_1_27' title='bbox 386 459 443 500; x_wconf 87' lang='lat' dir='ltr'>Te</span> <span class='ocrx_word' id='word_1_28' title='bbox 481 459 618 513; x_wconf 85' lang='lat' dir='ltr'>patris</span> <span class='ocrx_word' id='word_1_29' title='bbox 657 460 871 500; x_wconf 79' lang='lat' dir='ltr'>lacrumae</span> <span class='ocrx_word' id='word_1_30' title='bbox 910 459 960 500; x_wconf 91' lang='lat' dir='ltr'>de</span> <span class='ocrx_word' id='word_1_31' title='bbox 997 459 1235 500; x_wconf 87' lang='lat' dir='ltr'>innocentis</span> <span class='ocrx_word' id='word_1_32' title='bbox 1273 459 1354 500; x_wconf 90' lang='lat' dir='ltr'>filii</span> 
     </span>
     <span class='ocr_line' id='line_1_5' title="bbox 12 518 1353 573; baseline -0.001 -13"><span class='ocrx_word' id='word_1_33' title='bbox 12 519 203 573; x_wconf 87' lang='lat' dir='ltr'>periculo</span> <span class='ocrx_word' id='word_1_34' title='bbox 229 533 316 560; x_wconf 93' lang='lat' dir='ltr'>non</span> <span class='ocrx_word' id='word_1_35' title='bbox 342 518 592 571; x_wconf 78' lang='lat' dir='ltr'>movebant3</span> <span class='ocrx_word' id='word_1_36' title='bbox 624 532 719 558; x_wconf 90' lang='lat' dir='ltr'>cum</span> <span class='ocrx_word' id='word_1_37' title='bbox 746 520 915 572; x_wconf 86' lang='lat' dir='ltr'>patrem</span> <span class='ocrx_word' id='word_1_38' title='bbox 946 518 1061 559; x_wconf 90' lang='lat' dir='ltr'>domi</span> <span class='ocrx_word' id='word_1_39' title='bbox 1092 518 1353 572; x_wconf 75' lang='lat' dir='ltr'>reliquisses,</span> 
     </span>
     <span class='ocr_line' id='line_1_6' title="bbox 12 576 1353 630; baseline 0 -12"><span class='ocrx_word' id='word_1_40' title='bbox 12 577 150 618; x_wconf 89' lang='lat' dir='ltr'>filium</span> <span class='ocrx_word' id='word_1_41' title='bbox 199 579 341 618; x_wconf 88' lang='lat' dir='ltr'>tecum</span> <span class='ocrx_word' id='word_1_42' title='bbox 384 576 583 630; x_wconf 88' lang='lat' dir='ltr'>haberes,</span> <span class='ocrx_word' id='word_1_43' title='bbox 629 578 672 616; x_wconf 84' lang='lat' dir='ltr'>te</span> <span class='ocrx_word' id='word_1_44' title='bbox 716 590 852 630; x_wconf 90' lang='lat' dir='ltr'>neque</span> <span class='ocrx_word' id='word_1_45' title='bbox 896 590 1098 630; x_wconf 84' lang='lat' dir='ltr'>praesens</span> <span class='ocrx_word' id='word_1_46' title='bbox 1142 577 1257 618; x_wconf 91' lang='lat' dir='ltr'>filius</span> <span class='ocrx_word' id='word_1_47' title='bbox 1303 577 1353 618; x_wconf 88' lang='lat' dir='ltr'>de</span> 
     </span>
     <span class='ocr_line' id='line_1_7' title="bbox 13 634 1354 691; baseline -0.001 -14"><span class='ocrx_word' id='word_1_48' title='bbox 13 635 197 677; x_wconf 87' lang='lat' dir='ltr'>liberum</span> <span class='ocrx_word' id='word_1_49' title='bbox 242 635 421 677; x_wconf 87' lang='lat' dir='ltr'>caritate</span> <span class='ocrx_word' id='word_1_50' title='bbox 464 649 601 689; x_wconf 89' lang='lat' dir='ltr'>neque</span> <span class='ocrx_word' id='word_1_51' title='bbox 643 634 797 675; x_wconf 82' lang='lat' dir='ltr'>absens</span> <span class='ocrx_word' id='word_1_52' title='bbox 835 637 959 689; x_wconf 85' lang='lat' dir='ltr'>pater</span> <span class='ocrx_word' id='word_1_53' title='bbox 997 635 1046 675; x_wconf 90' lang='lat' dir='ltr'>de</span> <span class='ocrx_word' id='word_1_54' title='bbox 1084 635 1354 691; x_wconf 86' lang='lat' dir='ltr'>indulgentia</span> 
     </span>
     <span class='ocr_line' id='line_1_8' title="bbox 11 691 1425 749; baseline -0.002 -14"><span class='ocrx_word' id='word_1_55' title='bbox 11 694 156 749; x_wconf 87' lang='lat' dir='ltr'>patria</span> <span class='ocrx_word' id='word_1_56' title='bbox 194 693 521 736; x_wconf 73' lang='lat' dir='ltr'>commonebat?</span> <span class='ocrx_word' id='word_1_57' title='bbox 589 691 772 734; x_wconf 82' lang='lat' dir='ltr'>Catenas</span> <span class='ocrx_word' id='word_1_58' title='bbox 809 693 999 734; x_wconf 83' lang='lat' dir='ltr'>habebat</span> <span class='ocrx_word' id='word_1_59' title='bbox 1035 693 1192 747; x_wconf 85' lang='lat' dir='ltr'>hospes</span> <span class='ocrx_word' id='word_1_60' title='bbox 1230 698 1328 735; x_wconf 76' lang='lat' dir='ltr'>tuus</span> <span class='ocrx_word' id='word_1_61' title='bbox 1357 701 1425 733; x_wconf 90' lang='lat'>110</span> 
     </span>
     <span class='ocr_line' id='line_1_9' title="bbox 12 750 1352 806; baseline 0.001 -14"><span class='ocrx_word' id='word_1_62' title='bbox 12 752 224 806; x_wconf 77' lang='lat' dir='ltr'>Aristeus,</span> <span class='ocrx_word' id='word_1_63' title='bbox 244 752 432 794; x_wconf 79' lang='lat' dir='ltr'>Dexonis</span> <span class='ocrx_word' id='word_1_64' title='bbox 448 752 574 793; x_wconf 90' lang='lat' dir='ltr'>filius.</span> <span class='ocrx_word' id='word_1_65' title='bbox 607 750 717 799; x_wconf 83' lang='lat' dir='ltr'><strong>Quid</strong></span> <span class='ocrx_word' id='word_1_66' title='bbox 735 752 827 792; x_wconf 79' lang='lat' dir='ltr'>ita?</span> <span class='ocrx_word' id='word_1_67' title='bbox 855 751 1123 793; x_wconf 67' lang='lat' dir='ltr'>‘Prodiderat</span> <span class='ocrx_word' id='word_1_68' title='bbox 1144 753 1352 794; x_wconf 89' lang='lat' dir='ltr'>classem.&#39;</span> 
     </span>
     <span class='ocr_line' id='line_1_10' title="bbox 13 809 1353 865; baseline 0.001 -13"><span class='ocrx_word' id='word_1_69' title='bbox 13 809 134 859; x_wconf 82' lang='lat' dir='ltr'>Quod</span> <span class='ocrx_word' id='word_1_70' title='bbox 167 811 221 852; x_wconf 91' lang='lat' dir='ltr'>ob</span> <span class='ocrx_word' id='word_1_71' title='bbox 254 810 521 865; x_wconf 78' lang='lat' dir='ltr'>praemium?</span> <span class='ocrx_word' id='word_1_72' title='bbox 579 809 879 851; x_wconf 65' lang='lat' dir='ltr'>‘Deseruerat’</span> <span class='ocrx_word' id='word_1_73' title='bbox 937 809 1046 857; x_wconf 85' lang='lat' dir='ltr'>Quid</span> <span class='ocrx_word' id='word_1_74' title='bbox 1073 809 1353 853; x_wconf 77' lang='lat' dir='ltr'>Cleomenes?</span> 
     </span>
     <span class='ocr_line' id='line_1_11' title="bbox 14 868 1354 925; baseline 0.001 -15"><span class='ocrx_word' id='word_1_75' title='bbox 14 868 217 925; x_wconf 72' lang='lat' dir='ltr'>‘Ignavos</span> <span class='ocrx_word' id='word_1_76' title='bbox 243 869 411 910; x_wconf 64' lang='lat' dir='ltr'>fuerat?</span> <span class='ocrx_word' id='word_1_77' title='bbox 460 869 521 910; x_wconf 88' lang='lat' dir='ltr'>At</span> <span class='ocrx_word' id='word_1_78' title='bbox 547 883 643 910; x_wconf 90' lang='lat' dir='ltr'>eum</span> <span class='ocrx_word' id='word_1_79' title='bbox 668 871 715 909; x_wconf 89' lang='lat' dir='ltr'>tu</span> <span class='ocrx_word' id='word_1_80' title='bbox 743 869 796 910; x_wconf 93' lang='lat' dir='ltr'>ob</span> <span class='ocrx_word' id='word_1_81' title='bbox 826 868 1031 910; x_wconf 85' lang='lat' dir='ltr'>virtutem</span> <span class='ocrx_word' id='word_1_82' title='bbox 1065 883 1222 911; x_wconf 86' lang='lat' dir='ltr'>corona</span> <span class='ocrx_word' id='word_1_83' title='bbox 1255 873 1354 911; x_wconf 90' lang='lat' dir='ltr'>ante</span> 
     </span>
     <span class='ocr_line' id='line_1_12' title="bbox 13 927 1354 970; baseline 0.001 -1"><span class='ocrx_word' id='word_1_84' title='bbox 13 928 207 970; x_wconf 85' lang='lat' dir='ltr'>donaras.</span> <span class='ocrx_word' id='word_1_85' title='bbox 258 927 508 969; x_wconf 74' lang='lat' dir='ltr'>‘Dimiserat</span> <span class='ocrx_word' id='word_1_86' title='bbox 532 927 714 968; x_wconf 61' lang='lat' dir='ltr'>nautas?</span> <span class='ocrx_word' id='word_1_87' title='bbox 759 927 820 968; x_wconf 88' lang='lat' dir='ltr'>At</span> <span class='ocrx_word' id='word_1_88' title='bbox 852 927 906 968; x_wconf 92' lang='lat' dir='ltr'>ab</span> <span class='ocrx_word' id='word_1_89' title='bbox 939 927 1136 969; x_wconf 87' lang='lat' dir='ltr'>omnibus</span> <span class='ocrx_word' id='word_1_90' title='bbox 1168 930 1216 969; x_wconf 89' lang='lat' dir='ltr'>tu</span> <span class='ocrx_word' id='word_1_91' title='bbox 1248 943 1354 970; x_wconf 86' lang='lat' dir='ltr'>mer-</span> 
     </span>
     <span class='ocr_line' id='line_1_13' title="bbox 12 985 1354 1041; baseline 0.001 -13"><span class='ocrx_word' id='word_1_92' title='bbox 12 987 157 1029; x_wconf 86' lang='lat' dir='ltr'>cedem</span> <span class='ocrx_word' id='word_1_93' title='bbox 201 986 418 1028; x_wconf 84' lang='lat' dir='ltr'>missionis</span> <span class='ocrx_word' id='word_1_94' title='bbox 463 1000 698 1041; x_wconf 85' lang='lat' dir='ltr'>acceperas.</span> <span class='ocrx_word' id='word_1_95' title='bbox 767 985 892 1027; x_wconf 84' lang='lat' dir='ltr'>Alter</span> <span class='ocrx_word' id='word_1_96' title='bbox 933 1001 1088 1041; x_wconf 87' lang='lat' dir='ltr'>parens</span> <span class='ocrx_word' id='word_1_97' title='bbox 1127 1001 1177 1028; x_wconf 84' lang='lat' dir='ltr'>ex</span> <span class='ocrx_word' id='word_1_98' title='bbox 1216 987 1354 1029; x_wconf 79' lang='lat' dir='ltr'>altera</span> 
     </span>
     <span class='ocr_line' id='line_1_14' title="bbox 0 1044 1353 1101; baseline 0.001 -15"><span class='ocrx_word' id='word_1_99' title='bbox 0 1048 136 1101; x_wconf 55' lang='lat' dir='ltr'>*parte</span> <span class='ocrx_word' id='word_1_100' title='bbox 185 1048 277 1087; x_wconf 89' lang='lat' dir='ltr'>erat</span> <span class='ocrx_word' id='word_1_101' title='bbox 320 1044 591 1086; x_wconf 71' lang='lat' dir='ltr'>Herbitensis</span> <span class='ocrx_word' id='word_1_102' title='bbox 635 1044 868 1098; x_wconf 82' lang='lat' dir='ltr'>Eubulida,</span> <span class='ocrx_word' id='word_1_103' title='bbox 917 1044 1047 1086; x_wconf 88' lang='lat' dir='ltr'>homo</span> <span class='ocrx_word' id='word_1_104' title='bbox 1093 1045 1207 1086; x_wconf 89' lang='lat' dir='ltr'>domi</span> <span class='ocrx_word' id='word_1_105' title='bbox 1252 1060 1353 1087; x_wconf 90' lang='lat' dir='ltr'>suae</span> 
     </span>
     <span class='ocr_line' id='line_1_15' title="bbox 14 1102 1353 1158; baseline 0.001 -13"><span class='ocrx_word' id='word_1_106' title='bbox 14 1104 153 1145; x_wconf 85' lang='lat' dir='ltr'>clarus</span> <span class='ocrx_word' id='word_1_107' title='bbox 187 1106 230 1145; x_wconf 89' lang='lat' dir='ltr'>et</span> <span class='ocrx_word' id='word_1_108' title='bbox 260 1104 437 1157; x_wconf 81' lang='lat' dir='ltr'>nobilis3</span> <span class='ocrx_word' id='word_1_109' title='bbox 473 1104 545 1158; x_wconf 87' lang='lat' dir='ltr'>qui</span> <span class='ocrx_word' id='word_1_110' title='bbox 577 1104 675 1157; x_wconf 86' lang='lat' dir='ltr'>quia</span> <span class='ocrx_word' id='word_1_111' title='bbox 709 1102 981 1145; x_wconf 86' lang='lat' dir='ltr'>Cleomenem</span> <span class='ocrx_word' id='word_1_112' title='bbox 1012 1103 1058 1144; x_wconf 91' lang='lat' dir='ltr'>in</span> <span class='ocrx_word' id='word_1_113' title='bbox 1090 1104 1353 1146; x_wconf 86' lang='lat' dir='ltr'>defendendo</span> 
     </span>
     <span class='ocr_line' id='line_1_16' title="bbox 11 1162 1355 1217; baseline 0.001 -14"><span class='ocrx_word' id='word_1_114' title='bbox 11 1162 102 1204; x_wconf 89' lang='lat' dir='ltr'>filio</span> <span class='ocrx_word' id='word_1_115' title='bbox 141 1163 344 1217; x_wconf 89' lang='lat' dir='ltr'>laeserat,</span> <span class='ocrx_word' id='word_1_116' title='bbox 381 1162 518 1203; x_wconf 89' lang='lat' dir='ltr'>nudus</span> <span class='ocrx_word' id='word_1_117' title='bbox 554 1177 687 1216; x_wconf 86' lang='lat' dir='ltr'>paene</span> <span class='ocrx_word' id='word_1_118' title='bbox 721 1164 785 1203; x_wconf 91' lang='lat' dir='ltr'>est</span> <span class='ocrx_word' id='word_1_119' title='bbox 818 1162 1062 1203; x_wconf 81' lang='lat' dir='ltr'>destitutus.</span> <span class='ocrx_word' id='word_1_120' title='bbox 1120 1162 1229 1211; x_wconf 84' lang='lat' dir='ltr'>Quid</span> <span class='ocrx_word' id='word_1_121' title='bbox 1261 1166 1355 1205; x_wconf 90' lang='lat' dir='ltr'>erat</span> 
     </span>
     <span class='ocr_line' id='line_1_17' title="bbox 14 1220 1355 1276; baseline 0.001 -14"><span class='ocrx_word' id='word_1_122' title='bbox 14 1224 170 1275; x_wconf 86' lang='lat' dir='ltr'>autem,</span> <span class='ocrx_word' id='word_1_123' title='bbox 204 1222 316 1275; x_wconf 89' lang='lat' dir='ltr'>quod</span> <span class='ocrx_word' id='word_1_124' title='bbox 344 1222 570 1276; x_wconf 90' lang='lat' dir='ltr'>quisquam</span> <span class='ocrx_word' id='word_1_125' title='bbox 598 1221 757 1262; x_wconf 87' lang='lat' dir='ltr'>diceret</span> <span class='ocrx_word' id='word_1_126' title='bbox 789 1223 863 1262; x_wconf 89' lang='lat' dir='ltr'>aut</span> <span class='ocrx_word' id='word_1_127' title='bbox 895 1221 1168 1262; x_wconf 69' lang='lat' dir='ltr'>defenderet?</span> <span class='ocrx_word' id='word_1_128' title='bbox 1219 1220 1355 1263; x_wconf 73' lang='lat' dir='ltr'>‘Cleo—</span> 
     </span>
     <span class='ocr_line' id='line_1_18' title="bbox 12 1279 1353 1334; baseline 0 -13"><span class='ocrx_word' id='word_1_129' title='bbox 12 1294 179 1321; x_wconf 89' lang='lat' dir='ltr'>menem</span> <span class='ocrx_word' id='word_1_130' title='bbox 199 1280 421 1321; x_wconf 86' lang='lat' dir='ltr'>nominare</span> <span class='ocrx_word' id='word_1_131' title='bbox 441 1294 527 1321; x_wconf 89' lang='lat' dir='ltr'>non</span> <span class='ocrx_word' id='word_1_132' title='bbox 550 1279 678 1321; x_wconf 67' lang='lat' dir='ltr'>licet.⁹</span> <span class='ocrx_word' id='word_1_133' title='bbox 724 1279 783 1320; x_wconf 85' lang='lat' dir='ltr'>At</span> <span class='ocrx_word' id='word_1_134' title='bbox 809 1294 937 1321; x_wconf 86' lang='lat' dir='ltr'>causa</span> <span class='ocrx_word' id='word_1_135' title='bbox 963 1280 1091 1334; x_wconf 88' lang='lat' dir='ltr'>cogit.</span> <span class='ocrx_word' id='word_1_136' title='bbox 1142 1279 1353 1334; x_wconf 80' lang='lat' dir='ltr'>‘Moriere,</span> 
     </span>
     <span class='ocr_line' id='line_1_19' title="bbox 14 1338 1354 1393; baseline 0 -13"><span class='ocrx_word' id='word_1_137' title='bbox 14 1338 50 1380; x_wconf 91' lang='lat' dir='ltr'>si</span> <span class='ocrx_word' id='word_1_138' title='bbox 71 1338 338 1393; x_wconf 80' lang='lat' dir='ltr'>appellaris’3</span> <span class='ocrx_word' id='word_1_139' title='bbox 359 1353 594 1392; x_wconf 85' lang='lat' dir='ltr'>numquam</span> <span class='ocrx_word' id='word_1_140' title='bbox 616 1338 727 1379; x_wconf 89' lang='lat' dir='ltr'>enim</span> <span class='ocrx_word' id='word_1_141' title='bbox 748 1338 830 1379; x_wconf 84' lang='lat' dir='ltr'>iste</span> <span class='ocrx_word' id='word_1_142' title='bbox 852 1338 1083 1392; x_wconf 87' lang='lat' dir='ltr'>quoiquam</span> <span class='ocrx_word' id='word_1_143' title='bbox 1105 1340 1170 1379; x_wconf 89' lang='lat' dir='ltr'>est</span> <span class='ocrx_word' id='word_1_144' title='bbox 1197 1339 1354 1380; x_wconf 90' lang='lat' dir='ltr'>medio-</span> 
     </span>
     <span class='ocr_line' id='line_1_20' title="bbox 13 1396 1353 1451; baseline 0.001 -13"><span class='ocrx_word' id='word_1_145' title='bbox 13 1397 142 1439; x_wconf 86' lang='lat' dir='ltr'>criter</span> <span class='ocrx_word' id='word_1_146' title='bbox 179 1397 379 1438; x_wconf 90' lang='lat' dir='ltr'>minatus.</span> <span class='ocrx_word' id='word_1_147' title='bbox 441 1397 502 1437; x_wconf 85' lang='lat' dir='ltr'>At</span> <span class='ocrx_word' id='word_1_148' title='bbox 539 1397 723 1451; x_wconf 83' lang='lat' dir='ltr'>remiges</span> <span class='ocrx_word' id='word_1_149' title='bbox 761 1411 847 1438; x_wconf 90' lang='lat' dir='ltr'>non</span> <span class='ocrx_word' id='word_1_150' title='bbox 886 1400 1020 1438; x_wconf 85' lang='lat' dir='ltr'>erant.</span> <span class='ocrx_word' id='word_1_151' title='bbox 1082 1396 1353 1439; x_wconf 70' lang='lat' dir='ltr'>‘Praetorem</span> 
     </span>
     <span class='ocr_line' id='line_1_21' title="bbox 12 1453 1353 1510; baseline -0.001 -13"><span class='ocrx_word' id='word_1_152' title='bbox 12 1459 60 1497; x_wconf 91' lang='lat' dir='ltr'>tu</span> <span class='ocrx_word' id='word_1_153' title='bbox 111 1456 311 1497; x_wconf 77' lang='lat' dir='ltr'>accuses?</span> <span class='ocrx_word' id='word_1_154' title='bbox 360 1455 513 1510; x_wconf 82' lang='lat' dir='ltr'>frange</span> <span class='ocrx_word' id='word_1_155' title='bbox 558 1455 770 1497; x_wconf 61' lang='lat' dir='ltr'>cervices?</span> <span class='ocrx_word' id='word_1_156' title='bbox 840 1453 884 1496; x_wconf 88' lang='lat' dir='ltr'>Si</span> <span class='ocrx_word' id='word_1_157' title='bbox 927 1470 1064 1509; x_wconf 89' lang='lat' dir='ltr'>neque</span> <span class='ocrx_word' id='word_1_158' title='bbox 1108 1458 1353 1510; x_wconf 73' lang='lat' dir='ltr'>praetorem</span> 
     </span>
     <span class='ocr_line' id='line_1_22' title="bbox 11 1514 1354 1569; baseline 0 -14"><span class='ocrx_word' id='word_1_159' title='bbox 11 1529 148 1568; x_wconf 88' lang='lat' dir='ltr'>neque</span> <span class='ocrx_word' id='word_1_160' title='bbox 193 1514 406 1569; x_wconf 86' lang='lat' dir='ltr'>praetoris</span> <span class='ocrx_word' id='word_1_161' title='bbox 452 1515 668 1555; x_wconf 90' lang='lat' dir='ltr'>aemulum</span> <span class='ocrx_word' id='word_1_162' title='bbox 713 1514 923 1568; x_wconf 86' lang='lat' dir='ltr'>appellari</span> <span class='ocrx_word' id='word_1_163' title='bbox 967 1514 1132 1567; x_wconf 83' lang='lat' dir='ltr'>licebit,</span> <span class='ocrx_word' id='word_1_164' title='bbox 1176 1528 1272 1556; x_wconf 89' lang='lat' dir='ltr'>cum</span> <span class='ocrx_word' id='word_1_165' title='bbox 1309 1515 1354 1555; x_wconf 92' lang='lat' dir='ltr'>in</span> 
     </span>
     <span class='ocr_line' id='line_1_23' title="bbox 11 1572 1160 1626; baseline 0 -12"><span class='ocrx_word' id='word_1_166' title='bbox 11 1572 79 1614; x_wconf 89' lang='lat' dir='ltr'>his</span> <span class='ocrx_word' id='word_1_167' title='bbox 113 1573 279 1614; x_wconf 90' lang='lat' dir='ltr'>duobus</span> <span class='ocrx_word' id='word_1_168' title='bbox 311 1575 407 1614; x_wconf 90' lang='lat' dir='ltr'>tota</span> <span class='ocrx_word' id='word_1_169' title='bbox 439 1587 567 1614; x_wconf 90' lang='lat' dir='ltr'>causa</span> <span class='ocrx_word' id='word_1_170' title='bbox 599 1573 674 1625; x_wconf 89' lang='lat' dir='ltr'>sit,</span> <span class='ocrx_word' id='word_1_171' title='bbox 707 1572 808 1626; x_wconf 86' lang='lat' dir='ltr'>quid</span> <span class='ocrx_word' id='word_1_172' title='bbox 839 1572 1033 1613; x_wconf 84' lang='lat' dir='ltr'>futurum</span> <span class='ocrx_word' id='word_1_173' title='bbox 1066 1573 1160 1614; x_wconf 79' lang='lat' dir='ltr'>est?</span> 
     </span>
    </p>

    <p class='ocr_par' dir='ltr' id='par_1_3' title="bbox 13 1629 1424 2504">
     <span class='ocr_line' id='line_1_24' title="bbox 100 1629 1329 1686; baseline 0.001 -14"><span class='ocrx_word' id='word_1_174' title='bbox 100 1631 218 1673; x_wconf 90' lang='lat' dir='ltr'>Dicit</span> <span class='ocrx_word' id='word_1_175' title='bbox 257 1632 387 1673; x_wconf 88' lang='lat' dir='ltr'>etiam</span> <span class='ocrx_word' id='word_1_176' title='bbox 420 1645 593 1673; x_wconf 89' lang='lat' dir='ltr'>causam</span> <span class='ocrx_word' id='word_1_177' title='bbox 624 1630 850 1672; x_wconf 87' lang='lat' dir='ltr'>Heraclius</span> <span class='ocrx_word' id='word_1_178' title='bbox 884 1629 1162 1686; x_wconf 80' lang='lat' dir='ltr'>Segestanus,</span> <span class='ocrx_word' id='word_1_179' title='bbox 1200 1631 1329 1673; x_wconf 88' lang='lat' dir='ltr'>homo</span> 
     </span>
     <span class='ocr_line' id='line_1_25' title="bbox 13 1664 1355 1744; baseline 0 -13"><span class='ocrx_word' id='word_1_180' title='bbox 13 1690 129 1732; x_wconf 90' lang='lat' dir='ltr'>domi</span> <span class='ocrx_word' id='word_1_181' title='bbox 161 1704 261 1731; x_wconf 88' lang='lat' dir='ltr'>suae</span> <span class='ocrx_word' id='word_1_182' title='bbox 291 1690 576 1732; x_wconf 88' lang='lat' dir='ltr'>nobilissumo</span> <span class='ocrx_word' id='word_1_183' title='bbox 610 1690 703 1731; x_wconf 88' lang='lat' dir='ltr'>loco</span> <span class='ocrx_word' id='word_1_184' title='bbox 735 1692 875 1731; x_wconf 86' lang='lat' dir='ltr'>natus.</span> <span class='ocrx_word' id='word_1_185' title='bbox 929 1689 1099 1744; x_wconf 85' lang='lat' dir='ltr'>Audite,</span> <span class='ocrx_word' id='word_1_186' title='bbox 1130 1664 1178 1731; x_wconf 69' lang='lat' dir='ltr'>u⁷t</span> <span class='ocrx_word' id='word_1_187' title='bbox 1210 1694 1355 1732; x_wconf 77' lang='lat' dir='ltr'>vestra</span> 
     </span>
     <span class='ocr_line' id='line_1_26' title="bbox 43 1748 1354 1815; baseline 0 -25"><span class='ocrx_word' id='word_1_188' title='bbox 43 1749 259 1793; x_wconf 90' lang='lat' dir='ltr'>umanitas</span> <span class='ocrx_word' id='word_1_189' title='bbox 288 1749 500 1815; x_wconf 80' lang='lat' dir='ltr'>postulat,</span> <span class='ocrx_word' id='word_1_190' title='bbox 532 1748 708 1802; x_wconf 80' lang='lat' dir='ltr'>iudices3</span> <span class='ocrx_word' id='word_1_191' title='bbox 742 1748 924 1790; x_wconf 88' lang='lat' dir='ltr'>audietis</span> <span class='ocrx_word' id='word_1_192' title='bbox 957 1748 1069 1790; x_wconf 91' lang='lat' dir='ltr'>enim</span> <span class='ocrx_word' id='word_1_193' title='bbox 1103 1748 1153 1790; x_wconf 88' lang='lat' dir='ltr'>de</span> <span class='ocrx_word' id='word_1_194' title='bbox 1184 1749 1354 1804; x_wconf 90' lang='lat' dir='ltr'>magnis</span> 
     </span>
     <span class='ocr_line' id='line_1_27' title="bbox 16 1806 1355 1862; baseline 0 -13"><span class='ocrx_word' id='word_1_195' title='bbox 16 1807 293 1849; x_wconf 89' lang='lat' dir='ltr'>&#39;ncommodis</span> <span class='ocrx_word' id='word_1_196' title='bbox 319 1808 571 1862; x_wconf 79' lang='lat' dir='ltr'>iniuriisque</span> <span class='ocrx_word' id='word_1_197' title='bbox 605 1807 828 1848; x_wconf 89' lang='lat' dir='ltr'>sociorum.</span> <span class='ocrx_word' id='word_1_198' title='bbox 878 1806 1004 1849; x_wconf 60' lang='lat' dir='ltr'>Htmc</span> <span class='ocrx_word' id='word_1_199' title='bbox 1038 1807 1190 1848; x_wconf 84' lang='lat' dir='ltr'>scitote</span> <span class='ocrx_word' id='word_1_200' title='bbox 1222 1808 1355 1849; x_wconf 88' lang='lat' dir='ltr'>fuisse</span> 
     </span>
     <span class='ocr_line' id='line_1_28' title="bbox 15 1865 1354 1931; baseline 0 -24"><span class='ocrx_word' id='word_1_201' title='bbox 15 1865 262 1908; x_wconf 88' lang='lat' dir='ltr'>Heraclium</span> <span class='ocrx_word' id='word_1_202' title='bbox 293 1866 338 1907; x_wconf 89' lang='lat' dir='ltr'>in</span> <span class='ocrx_word' id='word_1_203' title='bbox 370 1881 419 1908; x_wconf 88' lang='lat' dir='ltr'>ea</span> <span class='ocrx_word' id='word_1_204' title='bbox 451 1880 596 1920; x_wconf 89' lang='lat' dir='ltr'>causa,</span> <span class='ocrx_word' id='word_1_205' title='bbox 632 1866 704 1920; x_wconf 91' lang='lat' dir='ltr'>qui</span> <span class='ocrx_word' id='word_1_206' title='bbox 736 1868 913 1920; x_wconf 86' lang='lat' dir='ltr'>propter</span> <span class='ocrx_word' id='word_1_207' title='bbox 946 1880 1123 1931; x_wconf 84' lang='lat' dir='ltr'>gravem</span> <span class='ocrx_word' id='word_1_208' title='bbox 1155 1866 1354 1908; x_wconf 89' lang='lat' dir='ltr'>morbum</span> 
     </span>
     <span class='ocr_line' id='line_1_29' title="bbox 41 1924 1355 1980; baseline 0 -14"><span class='ocrx_word' id='word_1_209' title='bbox 41 1925 234 1967; x_wconf 88' lang='lat' dir='ltr'>culorum</span> <span class='ocrx_word' id='word_1_210' title='bbox 290 1928 383 1966; x_wconf 90' lang='lat' dir='ltr'>tum</span> <span class='ocrx_word' id='word_1_211' title='bbox 438 1939 524 1966; x_wconf 92' lang='lat' dir='ltr'>non</span> <span class='ocrx_word' id='word_1_212' title='bbox 577 1924 795 1980; x_wconf 81' lang='lat' dir='ltr'>navigarit</span> <span class='ocrx_word' id='word_1_213' title='bbox 845 1927 888 1965; x_wconf 84' lang='lat' dir='ltr'>et</span> <span class='ocrx_word' id='word_1_214' title='bbox 942 1925 1061 1966; x_wconf 89' lang='lat' dir='ltr'>iussu</span> <span class='ocrx_word' id='word_1_215' title='bbox 1118 1924 1226 1978; x_wconf 89' lang='lat' dir='ltr'>eius,</span> <span class='ocrx_word' id='word_1_216' title='bbox 1282 1925 1355 1979; x_wconf 90' lang='lat' dir='ltr'>qui</span> 
     </span>
     <span class='ocr_line' id='line_1_30' title="bbox 17 1982 1354 2037; baseline -0.001 -12"><span class='ocrx_word' id='word_1_217' title='bbox 17 1986 275 2037; x_wconf 87' lang='lat' dir='ltr'>potestatem</span> <span class='ocrx_word' id='word_1_218' title='bbox 323 1984 495 2037; x_wconf 83' lang='lat' dir='ltr'>habuit,</span> <span class='ocrx_word' id='word_1_219' title='bbox 544 1983 588 2024; x_wconf 91' lang='lat' dir='ltr'>in</span> <span class='ocrx_word' id='word_1_220' title='bbox 636 1985 877 2024; x_wconf 88' lang='lat' dir='ltr'>commeatu</span> <span class='ocrx_word' id='word_1_221' title='bbox 923 1982 1144 2037; x_wconf 82' lang='lat' dir='ltr'>Syracusis</span> <span class='ocrx_word' id='word_1_222' title='bbox 1189 1997 1354 2024; x_wconf 86' lang='lat' dir='ltr'>reman-</span> 
     </span>
     <span class='ocr_line' id='line_1_31' title="bbox 36 2041 1355 2096; baseline 0 -13"><span class='ocrx_word' id='word_1_223' title='bbox 36 2042 129 2083; x_wconf 91' lang='lat' dir='ltr'>erit.</span> <span class='ocrx_word' id='word_1_224' title='bbox 196 2041 240 2083; x_wconf 90' lang='lat' dir='ltr'>Is</span> <span class='ocrx_word' id='word_1_225' title='bbox 285 2045 399 2084; x_wconf 86' lang='lat' dir='ltr'>certe</span> <span class='ocrx_word' id='word_1_226' title='bbox 442 2056 579 2096; x_wconf 91' lang='lat' dir='ltr'>neque</span> <span class='ocrx_word' id='word_1_227' title='bbox 617 2042 798 2083; x_wconf 86' lang='lat' dir='ltr'>classem</span> <span class='ocrx_word' id='word_1_228' title='bbox 836 2042 1026 2096; x_wconf 86' lang='lat' dir='ltr'>prodidit</span> <span class='ocrx_word' id='word_1_229' title='bbox 1062 2056 1199 2095; x_wconf 89' lang='lat' dir='ltr'>neque</span> <span class='ocrx_word' id='word_1_230' title='bbox 1237 2044 1355 2083; x_wconf 91' lang='lat' dir='ltr'>metu</span> 
     </span>
     <span class='ocr_line' id='line_1_32' title="bbox 21 2100 1353 2156; baseline -0.001 -14"><span class='ocrx_word' id='word_1_231' title='bbox 21 2101 267 2155; x_wconf 22' lang='lat' dir='ltr'>‘erterritus</span> <span class='ocrx_word' id='word_1_232' title='bbox 287 2100 401 2156; x_wconf 84' lang='lat' dir='ltr'>fugit</span> <span class='ocrx_word' id='word_1_233' title='bbox 423 2115 559 2154; x_wconf 90' lang='lat' dir='ltr'>neque</span> <span class='ocrx_word' id='word_1_234' title='bbox 587 2100 819 2142; x_wconf 79' lang='lat' dir='ltr'>exercitum</span> <span class='ocrx_word' id='word_1_235' title='bbox 846 2100 1050 2154; x_wconf 85' lang='lat' dir='ltr'>deseruit3</span> <span class='ocrx_word' id='word_1_236' title='bbox 1077 2100 1235 2141; x_wconf 87' lang='lat' dir='ltr'>etenim</span> <span class='ocrx_word' id='word_1_237' title='bbox 1261 2103 1353 2141; x_wconf 83' lang='lat' dir='ltr'>tum</span> 
     </span>
     <span class='ocr_line' id='line_1_33' title="bbox 37 2157 1353 2213; baseline -0.001 -12"><span class='ocrx_word' id='word_1_238' title='bbox 37 2162 127 2201; x_wconf 85' lang='lat' dir='ltr'>sset</span> <span class='ocrx_word' id='word_1_239' title='bbox 175 2159 258 2201; x_wconf 91' lang='lat' dir='ltr'>hoc</span> <span class='ocrx_word' id='word_1_240' title='bbox 305 2159 748 2213; x_wconf 86' lang='lat' dir='ltr'>animadvertendum,</span> <span class='ocrx_word' id='word_1_241' title='bbox 798 2173 893 2200; x_wconf 91' lang='lat' dir='ltr'>cum</span> <span class='ocrx_word' id='word_1_242' title='bbox 938 2159 1087 2200; x_wconf 86' lang='lat' dir='ltr'>classis</span> <span class='ocrx_word' id='word_1_243' title='bbox 1133 2157 1353 2213; x_wconf 82' lang='lat' dir='ltr'>Syracusis</span> 
     </span>
     <span class='ocr_line' id='line_1_34' title="bbox 22 2217 1355 2273; baseline -0.001 -14"><span class='ocrx_word' id='word_1_244' title='bbox 22 2217 376 2273; x_wconf 63' lang='lat' dir='ltr'>proficiscebatur.</span> <span class='ocrx_word' id='word_1_245' title='bbox 432 2218 474 2259; x_wconf 89' lang='lat' dir='ltr'>Is</span> <span class='ocrx_word' id='word_1_246' title='bbox 507 2220 652 2259; x_wconf 88' lang='lat' dir='ltr'>tamen</span> <span class='ocrx_word' id='word_1_247' title='bbox 683 2218 729 2258; x_wconf 91' lang='lat' dir='ltr'>in</span> <span class='ocrx_word' id='word_1_248' title='bbox 760 2217 907 2259; x_wconf 88' lang='lat' dir='ltr'>eadem</span> <span class='ocrx_word' id='word_1_249' title='bbox 940 2232 1066 2259; x_wconf 89' lang='lat' dir='ltr'>causa</span> <span class='ocrx_word' id='word_1_250' title='bbox 1098 2217 1198 2271; x_wconf 87' lang='lat' dir='ltr'>fuit,</span> <span class='ocrx_word' id='word_1_251' title='bbox 1232 2217 1355 2272; x_wconf 88' lang='lat' dir='ltr'>quasi</span> 
     </span>
     <span class='ocr_line' id='line_1_35' title="bbox 25 2276 1355 2331; baseline -0.001 -13"><span class='ocrx_word' id='word_1_252' title='bbox 25 2279 127 2318; x_wconf 68' lang='lat' dir='ltr'>,sset</span> <span class='ocrx_word' id='word_1_253' title='bbox 146 2277 191 2317; x_wconf 89' lang='lat' dir='ltr'>in</span> <span class='ocrx_word' id='word_1_254' title='bbox 216 2277 361 2331; x_wconf 91' lang='lat' dir='ltr'>aliquo</span> <span class='ocrx_word' id='word_1_255' title='bbox 388 2276 617 2318; x_wconf 87' lang='lat' dir='ltr'>manifesto</span> <span class='ocrx_word' id='word_1_256' title='bbox 645 2276 804 2318; x_wconf 89' lang='lat' dir='ltr'>scelere</span> <span class='ocrx_word' id='word_1_257' title='bbox 831 2276 1131 2331; x_wconf 87' lang='lat' dir='ltr'>deprehensus,</span> <span class='ocrx_word' id='word_1_258' title='bbox 1157 2276 1202 2317; x_wconf 87' lang='lat' dir='ltr'>in</span> <span class='ocrx_word' id='word_1_259' title='bbox 1228 2290 1355 2330; x_wconf 90' lang='lat' dir='ltr'>quem</span> 
     </span>
     <span class='ocr_line' id='line_1_36' title="bbox 24 2333 1424 2390; baseline -0.002 -14"><span class='ocrx_word' id='word_1_260' title='bbox 24 2350 65 2377; x_wconf 81' lang='lat' dir='ltr'>1e</span> <span class='ocrx_word' id='word_1_261' title='bbox 91 2335 193 2376; x_wconf 85' lang='lat' dir='ltr'>falsi</span> <span class='ocrx_word' id='word_1_262' title='bbox 221 2335 390 2389; x_wconf 91' lang='lat' dir='ltr'>quidem</span> <span class='ocrx_word' id='word_1_263' title='bbox 427 2350 555 2377; x_wconf 88' lang='lat' dir='ltr'>causa</span> <span class='ocrx_word' id='word_1_264' title='bbox 587 2335 770 2376; x_wconf 85' lang='lat' dir='ltr'>conferri</span> <span class='ocrx_word' id='word_1_265' title='bbox 802 2335 990 2376; x_wconf 87' lang='lat' dir='ltr'>criminis</span> <span class='ocrx_word' id='word_1_266' title='bbox 1022 2334 1176 2390; x_wconf 86' lang='lat' dir='ltr'>potuit.</span> <span class='ocrx_word' id='word_1_267' title='bbox 1231 2333 1331 2375; x_wconf 86' lang='lat' dir='ltr'>Fuit</span> <span class='ocrx_word' id='word_1_268' title='bbox 1359 2341 1424 2373; x_wconf 80' lang='lat'>112</span> 
     </span>
     <span class='ocr_line' id='line_1_37' title="bbox 27 2391 1355 2447; baseline -0.001 -12"><span class='ocrx_word' id='word_1_269' title='bbox 27 2407 58 2435; x_wconf 89' lang='lat' dir='ltr'>n</span> <span class='ocrx_word' id='word_1_270' title='bbox 100 2393 189 2435; x_wconf 89' lang='lat' dir='ltr'>illis</span> <span class='ocrx_word' id='word_1_271' title='bbox 232 2395 462 2436; x_wconf 85' lang='lat' dir='ltr'>nauarchis</span> <span class='ocrx_word' id='word_1_272' title='bbox 499 2393 789 2435; x_wconf 88' lang='lat' dir='ltr'>Heracliensis</span> <span class='ocrx_word' id='word_1_273' title='bbox 832 2394 1005 2447; x_wconf 88' lang='lat' dir='ltr'>quidam</span> <span class='ocrx_word' id='word_1_274' title='bbox 1042 2393 1196 2434; x_wconf 85' lang='lat' dir='ltr'>Furius</span> <span class='ocrx_word' id='word_1_275' title='bbox 1236 2391 1355 2447; x_wconf 83' lang='lat' dir='ltr'>(nam</span> 
     </span>
     <span class='ocr_line' id='line_1_38' title="bbox 27 2450 1355 2504; baseline -0.002 -10"><span class='ocrx_word' id='word_1_276' title='bbox 27 2452 175 2494; x_wconf 87' lang='lat' dir='ltr'>1abent</span> <span class='ocrx_word' id='word_1_277' title='bbox 213 2451 279 2493; x_wconf 89' lang='lat' dir='ltr'>illi</span> <span class='ocrx_word' id='word_1_278' title='bbox 315 2467 403 2495; x_wconf 90' lang='lat' dir='ltr'>non</span> <span class='ocrx_word' id='word_1_279' title='bbox 440 2453 561 2495; x_wconf 90' lang='lat' dir='ltr'>nulla</span> <span class='ocrx_word' id='word_1_280' title='bbox 598 2452 773 2494; x_wconf 89' lang='lat' dir='ltr'>huiusce</span> <span class='ocrx_word' id='word_1_281' title='bbox 812 2452 927 2494; x_wconf 91' lang='lat' dir='ltr'>modi</span> <span class='ocrx_word' id='word_1_282' title='bbox 958 2452 1113 2493; x_wconf 79' lang='lat' dir='ltr'>Latina</span> <span class='ocrx_word' id='word_1_283' title='bbox 1149 2450 1355 2504; x_wconf 87' lang='lat' dir='ltr'>nomina),</span> 
     </span>
    </p>
   </div>
   <div class='ocr_carea' id='block_1_3' title="bbox 0 1068 41 2417">
    <p class='ocr_par' dir='ltr' id='par_1_4' title="bbox 0 1068 41 2417">
     <span class='ocr_line' id='line_1_39' title="bbox 0 1068 11 1342; baseline 0 -38"><span class='ocrx_word' id='word_1_284' title='bbox 0 1068 11 1342; x_wconf 95' lang='lat' dir='ltr'>     </span> 
     </span>
     <span class='ocr_line' id='line_1_40' title="bbox 0 1342 11 1458; baseline 0 0"><span class='ocrx_word' id='word_1_285' title='bbox 0 1342 11 1458; x_wconf 95' lang='lat' dir='ltr'>  </span> 
     </span>
     <span class='ocr_line' id='line_1_41' title="bbox 0 1458 11 1653; baseline 0 -57"><span class='ocrx_word' id='word_1_286' title='bbox 0 1458 11 1653; x_wconf 95' lang='lat' dir='ltr'>    </span> 
     </span>
     <span class='ocr_line' id='line_1_42' title="bbox 0 1653 41 1778; baseline 0 -25"><span class='ocrx_word' id='word_1_287' title='bbox 0 1653 41 1778; x_wconf 95' lang='lat' dir='ltr'>   </span> 
     </span>
     <span class='ocr_line' id='line_1_43' title="bbox 0 1778 27 1949; baseline 0 -112"><span class='ocrx_word' id='word_1_288' title='bbox 0 1778 27 1949; x_wconf 95' lang='lat' dir='ltr'>   </span> 
     </span>
     <span class='ocr_line' id='line_1_44' title="bbox 0 2102 39 2417; baseline 0 -136"><span class='ocrx_word' id='word_1_289' title='bbox 0 2102 39 2417; x_wconf 95' lang='lat' dir='ltr'>    </span> 
     </span>
    </p>
   </div>
   <div class='ocr_carea' id='block_1_4' title="bbox 1359 1612 1424 1694">
    <p class='ocr_par' dir='ltr' id='par_1_5' title="bbox 1359 1612 1424 1694">
     <span class='ocr_line' id='line_1_45' title="bbox 1367 1612 1424 1654; baseline 0.035 -2"><span class='ocrx_word' id='word_1_290' title='bbox 1367 1612 1424 1654; x_wconf 84' lang='lat'>43</span> 
     </span>
     <span class='ocr_line' id='line_1_46' title="bbox 1359 1664 1421 1694; baseline 0.016 -1"><span class='ocrx_word' id='word_1_291' title='bbox 1359 1664 1421 1694; x_wconf 87' lang='lat'>111</span> 
     </span>
    </p>
   </div>
  </div>
 </body>
</html>
