1618 2584
308 34 396 69 LIB.
425 35 438 68 Ι
489 35 591 70 ΟΑΡ.
621 39 756 70 15—18
781 39 800 78 ἓ
826 39 976 70 41-47.
1235 36 1317 76 157

0 135 109 174 stum
163 130 370 172 iudicetis.
447 130 598 186 Ignem
655 146 705 172 ex
753 131 883 186 lignis
932 131 1141 172 viridibus
1191 134 1319 185 atque

0 189 163 231 tumidis
206 189 252 229 in
294 189 389 231 loco
435 193 620 244 angusto
664 190 756 231 fieri
799 190 941 243 iussit3
991 190 1052 231 ibi
1101 190 1319 231 hominem

0 262 225 303 ngenuum,
264 247 380 289 domi
417 249 626 302 nobilem,
667 249 817 303 populi
848 249 1032 290 Romani
1064 249 1226 290 socium
1260 250 1321 288 at-

0 321 57 361 *ue
100 306 301 360 amicum,
344 306 462 348 fumo
508 308 794 348 excruciatum
839 307 1091 349 semivivum
1134 307 1320 361 reliquit.

0 380 67 406 am
107 379 215 419 quae
252 365 335 406 iste
375 365 517 420 signa,
559 380 664 419 quas
696 366 870 407 tabulas
901 366 1039 420 pictas
1073 380 1123 407 ex
1154 365 1321 407 Achaia

0 423 217 477 ustulerit,
254 438 341 464 non
378 423 516 465 dicam
554 423 636 465 1100
668 424 784 478 loco,
823 427 888 465 est
920 425 1026 465 mihi
1058 424 1168 465 alius
1201 424 1320 465 locus

0 482 30 523 d
65 482 176 523 hanc
213 481 303 522 eius
342 482 621 536 cupiditatem
660 483 1038 524 demonstrandam
1084 485 1320 537 separatus.

0 540 158 581 [thenis
197 540 377 581 audistis
416 555 465 581 ex
504 541 606 582 aede
637 540 855 582 Minervae
894 542 1054 597 grande
1095 541 1189 582 auri
1218 555 1321 596 pon-

3 613 52 640 us
91 599 304 653 ablatum3
348 599 509 640 dictum
547 602 613 640 est
654 599 735 640 hoc
766 599 812 639 in
851 598 924 641 Cn.
962 600 1217 641 Dolabellae
1260 600 1321 640 iu-

3 657 95 699 icio.
169 657 374 699 Dictum?
427 658 558 699 etiam
602 658 889 698 aestimatum.
964 658 1101 699 Huius
1153 658 1322 700 consilii

0 730 59 758 on
103 716 358 771 participem
402 715 448 759 C.
479 715 677 770 Verrem,
716 716 790 757 sed
826 716 1063 771 principem
1093 716 1228 758 fuisse
1259 731 1321 758 re—

0 775 159 816 erietis.

63 834 219 875 Delum
251 833 380 875 venit.
430 833 497 875 Ibi
529 848 580 875 ex
610 833 711 875 fano
743 833 963 888 Apollinis
988 834 1320 890 religiosissimo

0 895 103 934 octu
138 893 249 934 clam
277 892 455 934 sustulit
480 892 605 948 signa
629 893 921 948 pulcherrima
954 896 1082 948 at‘que
1116 893 1321 947 antiquis-

0 951 84 992 ima
133 966 265 1005 eaque
313 951 359 992 in
410 951 650 993 onerariam
696 966 851 993 navem
902 966 1024 993 suam
1074 952 1322 993 conicienda

0 1010 153 1051 uravit.
214 1010 426 1051 Postridie
465 1025 560 1052 cum
599 1010 748 1052 fanum
787 1011 1021 1065 spoliatum
1053 1011 1248 1052 viderent
1278 1010 1321 1064 ii,

0 1069 48 1124 vui
90 1068 247 1110 Delum
291 1068 555 1122 incolebant,
604 1069 795 1124 graviter
837 1069 1054 1122 ferebant3
1098 1072 1164 1110 est
1208 1069 1321 1110 enim

0 1130 98 1169 anta
130 1128 242 1182 apud
275 1141 346 1168 eos
379 1127 468 1168 eius
499 1127 590 1168 fani
621 1128 776 1183 religio
810 1131 939 1182 atque
981 1128 1236 1182 antiquitas,
1274 1130 1322 1169 ut

0 1202 19 1227 a
56 1201 104 1228 eo
142 1187 237 1228 1000
275 1187 418 1240 ipsum
449 1186 699 1241 Apollinem
735 1189 886 1228 natum
920 1201 1011 1228 esse
1045 1187 1321 1228 arbitrentur.

0 1244 164 1286 Verbum
204 1248 351 1286 tamen
381 1245 521 1287 facere
552 1260 639 1286 non
671 1245 904 1300 audebant,
941 1261 994 1287 ne
1025 1246 1138 1287 forte
1171 1260 1221 1286 ea
1252 1259 1320 1286 res

1347 844 1391 874 46

0 1303 29 1345 d
59 1304 335 1345 Dolabellam
366 1304 508 1358 ipsum
541 1304 787 1358 pertineret.
842 1304 951 1346 Tum
984 1305 1128 1346 subito
1161 1307 1390 1359 tempe-18

0 1365 110 1404 tates
148 1365 321 1404 coortae
361 1366 461 1403 sunt
498 1363 729 1416 maximae,
766 1362 944 1417 iudices,
985 1366 1034 1404 ut
1069 1378 1157 1405 non
1194 1363 1321 1404 modo

0 1421 197 1475 *roficisci,
230 1436 326 1462 cum
359 1424 545 1476 cuperet,
577 1421 808 1462 Dolabella
838 1437 925 1463 non
956 1425 1116 1476 posset,
1149 1422 1223 1463 sed
1251 1422 1321 1463 vix

0 1495 18 1521 ει
56 1480 213 1535 oppido
252 1480 523 1533 consisteret3
567 1480 630 1521 ita
670 1480 817 1536 magni
853 1480 1008 1522 fluctus
1046 1481 1321 1522 eiciebantur.

0 1538 56 1581 Iic
92 1539 216 1580 navis
254 1539 332 1579 illa
368 1539 597 1593 praedonis
634 1539 761 1580 istius
795 1542 951 1580 onusta
983 1540 1119 1595 signis
1150 1540 1322 1594 religio-

0 1597 34 1638 is
73 1598 250 1652 expulsa
289 1600 418 1651 atque
457 1597 592 1639 eiecta
629 1598 761 1639 fluctu
803 1597 1031 1653 frangitur.
1098 1597 1150 1639 In
1194 1598 1321 1639 litore

0 1656 100 1712 igna
144 1657 254 1709 [illa]
300 1656 518 1711 Apollinis
562 1656 852 1711 reperiuntur,
901 1657 1021 1698 iussu
1066 1657 1322 1698 Dolabellae

0 1718 257 1770 eponunbur,
297 1718 534 1770 tempestas
575 1715 765 1770 sedatur,
809 1715 1041 1757 Dolabella
1078 1715 1188 1757 Delo
1226 1730 1322 1771 pro-

0 1774 188 1816 ciscitur.

63 1832 163 1874 Non
208 1833 376 1886 dubito,
422 1834 542 1888 quin,
588 1833 764 1875 tametsi
806 1834 952 1875 nullus
995 1834 1041 1875 in
1084 1836 1127 1875 te
1173 1848 1321 1875 sensus

0 1892 270 1946 inmanitatis,
302 1892 423 1933 nulla
454 1893 565 1933 ratio
598 1907 803 1946 umquam
836 1892 918 1933 fuit
944 1892 1179 1947 religionis,
1210 1907 1323 1934 nunc

0 1965 121 1992 amen
152 1951 198 1992 in
229 1954 346 1992 metu
377 1951 653 2006 periculoque
685 1954 760 1993 tuo
792 1954 966 1992 tuorum
998 1951 1081 1991 tibi
1114 1951 1321 1992 scelerum

0 2009 120 2051 ·eniat
162 2010 208 2051 in
252 2012 451 2051 mentem.
515 2008 721 2051 Potestne
765 2010 847 2051 tibi
890 2010 981 2051 ulla
1025 2024 1122 2064 spes
1168 2010 1321 2051 salutis

3 2069 200 2110 ommoda
231 2069 410 2122 ostendi,
443 2083 539 2110 cum
570 2069 819 2122 recordaris,
850 2069 895 2109 in
927 2068 1028 2110 deos
1054 2069 1321 2110 immortales

0 2141 107 2180 [uam
137 2127 306 2182 impius,
340 2142 467 2182 quam
501 2128 752 2182 sceleratus,
779 2143 907 2182 quam
937 2127 1128 2169 nefarius
1159 2127 1321 2169 fueris?

0 2185 281 2240 &pollinemne
313 2189 361 2228 tu
392 2186 566 2228 Delium
608 2186 795 2241 spoliare
835 2201 962 2228 ausus
1002 2187 1075 2228 es‘?
1112 2186 1233 2228 illine
1273 2189 1322 2228 tu

0 2244 138 2298 emplo
171 2247 261 2286 tam
289 2245 478 2299 antiquo,
511 2248 601 2286 tam
629 2248 789 2299 sancto,
820 2248 912 2287 tam
937 2245 1142 2301 religioso
1169 2260 1320 2287 manus

1348 1842 1391 1873 47

1579 0 1607 82 „Ji

1606 207 1607 214 1
1580 71 1607 147 35*
1591 53 1594 56 ⁴
