1675 2574
486 112 586 148 CAP.
615 116 731 148 8—10
756 117 774 155 ἓ
801 116 949 147 22-29.
1330 114 1385 154 41

49 223 140 252 sese
170 222 327 250 nomen
361 206 453 249 Sex.
485 207 616 249 Rosci
647 208 698 249 de
729 207 890 250 tabulis
923 211 1238 263 exempturum,
1270 224 1390 263 prae-

50 267 118 309 dia
155 281 288 308 vacua
328 265 417 307 filio
461 266 738 320 traditurum,
783 281 962 321 cumque
1004 266 1048 307 id
1090 266 1153 308 ita
1195 266 1389 309 futurum

48 325 93 368 T.
124 324 303 366 Roscius
336 322 509 378 Capito,
543 325 615 378 qui
647 325 691 366 in
724 325 867 367 decem
898 325 1056 380 legatis
1090 327 1200 378 erat,
1238 341 1390 380 appro-

49 384 252 433 mitteret,
279 382 566 436 crediderunt3
598 383 818 424 Ameriam
843 398 889 425 re
914 384 1084 426 inorata
1109 386 1389 425 reverterunt.

45 442 112 493 ,Ac
150 442 288 496 primo
327 455 418 482 rem
458 441 626 482 differre
666 442 821 483 cotidie
865 456 914 484 ac
956 442 1272 497 procrastinare
1315 443 1392 484 isti

49 502 298 555 coeperunt,
336 499 484 541 deinde
518 500 739 554 aliquanto
774 501 932 542 lentius
962 501 1071 542 nihil
1104 515 1231 557 agere
1260 504 1391 556 atque

49 558 258 612 deludere,
289 560 522 613 postremo,
553 558 596 599 id
629 559 741 612 quod
773 559 899 600 facile
925 559 1194 601 intellectum
1220 562 1299 615 est,
1330 560 1392 601 in·

16 617 178 660 sidias
223 617 338 658 vitae
381 616 556 657 huiusce
601 615 692 658 Sex.
738 616 865 659 Rosci
907 632 1060 672 parare
1112 633 1248 672 neque
1299 632 1391 660 sese

18 693 19 724 3
49 676 253 719 arbitrari
290 689 416 730 posse
455 674 614 716 diutius
654 675 838 716 alienam
869 677 1092 730 pecuniam
1125 677 1296 718 domino
1327 677 1391 718 in-

49 734 208 778 columi
249 734 453 789 optinere.
523 732 646 781 Quod
686 733 755 775 hic
801 734 928 774 simul
973 737 1101 788 atque
1145 736 1297 788 sensit,
1342 736 1391 777 de

18 789 19 796 ¹
49 793 283 836 amicorum
320 794 686 848 cognatorumque
724 792 938 833 sententia
973 792 1158 835 Romam
1197 794 1392 849 confugit

49 855 92 894 et
124 865 215 893 sese
248 851 302 893 ad
334 850 576 903 Caeciliam,
607 850 637 904 †
662 849 844 905 Nepotis
875 851 1022 905 filiam,
1056 867 1184 905 quam
1215 853 1392 894 honoris

48 924 176 953 causa
200 910 389 964 nomino,
414 910 610 963 contulit,
636 924 720 963 qua
745 912 868 964 pater
893 923 996 953 usus
1022 913 1115 951 erat
1134 911 1394 965 plurimum3

20 966 21 969 ¹
47 969 92 1011 in
125 983 208 1023 qua
240 968 436 1022 muliere,
476 968 653 1022 iudices,
695 968 825 1009 etiam
855 983 985 1022 nunc,
1022 969 1066 1010 id
1099 969 1213 1023 quod
1245 984 1393 1011 omnes

50 1041 218 1082 semper
258 1027 628 1080 existimaverunt,
670 1027 792 1081 quasi
831 1027 1014 1081 exempli
1047 1042 1176 1069 causa
1207 1028 1393 1083 vestigia

49 1086 215 1140 antiqui
265 1085 395 1127 officii
438 1087 672 1126 remanent.
733 1084 798 1126 Ea
831 1083 922 1126 SeX.
960 1085 1165 1127 Roscium
1208 1086 1393 1140 inopem,

24 1143 25 1196 j
49 1145 231 1187 eiectum
251 1144 377 1185 domo
399 1147 527 1198 atque
548 1144 773 1198 expulsum
800 1158 850 1184 ex
877 1144 965 1185 suis
992 1144 1129 1198 bonis,
1154 1144 1393 1199 fugientem

48 1203 267 1245 latronum
311 1203 400 1244 tela
444 1205 486 1243 et
530 1203 668 1243 minas
712 1202 873 1257 recepit
923 1202 1097 1244 domum
1146 1203 1394 1257 hospitique

49 1275 254 1316 oppresso
287 1261 372 1302 iam
406 1261 715 1315 desperatoque
748 1261 801 1302 ab
835 1261 1034 1302 omnibus
1067 1261 1281 1316 opitulata
1317 1265 1393 1302 est.

47 1319 155 1362 Eius
186 1320 358 1371 virtute,
388 1320 482 1373 fide,
516 1319 742 1374 diligentia
772 1319 935 1361 factum
968 1322 1045 1373 est,
1076 1322 1125 1360 ut
1153 1320 1224 1362 hic
1249 1320 1393 1374 potius

48 1379 171 1421 vivus
202 1379 247 1419 111
279 1393 373 1419 reos
407 1393 535 1432 quam
568 1378 730 1420 occisus
763 1378 808 1418 in
839 1379 1106 1433 proscriptos
1148 1378 1392 1420 referretur.

2 1496 185 1537 vitam
223 1494 315 1537 Sex.
352 1494 482 1536 Rosci
519 1495 725 1536 custodiri
761 1509 898 1548 neque
947 1495 1031 1536 sibi
1074 1496 1209 1537 ullam
1253 1496 1393 1537 caedis

4 1586 6 1590 -
47 1553 267 1596 faciendae
299 1556 560 1609 potestatem
593 1553 696 1606 dari,
728 1553 954 1595 consilium
983 1557 1188 1609 ceperunt
1218 1555 1395 1609 plenum

3 1616 7 1617 ⁷
32 1613 223 1655 sceleris
255 1614 298 1654 et
330 1612 542 1666 audaciae,
573 1614 622 1653 ut
652 1626 808 1653 nomen
838 1612 965 1653 huius
997 1612 1047 1654 de
1073 1613 1301 1667 parricidio
1329 1613 1396 1654 de-

49 1671 224 1724 ferrent,
254 1673 303 1712 ut
335 1670 387 1712 ad
420 1685 514 1711 eam
545 1685 636 1711 rem
668 1670 856 1724 aliquem
886 1673 1180 1712 accusatorem
1205 1674 1395 1713 veterem

8 1732 366 1792 16011111613161113,
405 1729 477 1783 qui
515 1728 565 1770 de
603 1743 653 1770 ea
689 1743 734 1770 re
771 1732 919 1783 posset
957 1729 1094 1771 dicere
1133 1730 1313 1784 aliquid,
1351 1731 1396 1772 in

4 1813 7 1818 »
34 1804 135 1844 qua
165 1802 211 1830 re
241 1788 363 1829 nulla
395 1788 591 1829 subesset
631 1787 836 1842 suspicio,
875 1787 1056 1843 denique
1087 1791 1154 1842 ut,
1193 1788 1397 1842 quoniam

35 1847 228 1907 crimine
264 1861 350 1888 non
388 1848 608 1901 poterant,
646 1849 840 1900 tempore
877 1846 973 1901 ipso
1011 1849 1267 1902 pugnarent.
1327 1847 1397 1889 Ita

36 1905 171 1960 loqui
196 1905 409 1947 homines:
440 1904 569 1959 ‘quod
593 1905 749 1946 iudicia
773 1907 865 1946 tam
891 1905 964 1946 diu
987 1905 1104 1947 facta
1129 1920 1217 1947 non
1242 1910 1397 1959 essent,

36 1964 325 2007 condemnari
356 1978 453 2005 eum
485 1966 694 2018 oportere,
727 1963 800 2017 qui
830 1963 996 2018 primus
1027 1964 1073 2005 in
1097 1964 1300 2006 iudicium
1327 1965 1397 2005 ad-

10 2006 202 2065 v'ductus
235 2025 365 2077 esset3
396 2023 495 2063 huic
527 2024 671 2063 autem
702 2024 909 2076 patronos
941 2025 1119 2078 propter
1152 2022 1399 2078 Chrysogo-

37 2065 40 2087 ⁸
84 2082 92 2090 .
235 2081 243 2089 .
1095 2081 1102 2088 .
1132 2081 1139 2088 .

38 2089 96 2124 m
133 2084 319 2138 gratlam
360 2081 597 2134 defuturos3
642 2080 692 2121 de
730 2080 942 2122 bonorum
979 2081 1224 2123 vendltione
1263 2083 1306 2123 et
1347 2081 1398 2123 de

10 2123 138 2182 eista
176 2140 381 2182 societate
418 2140 597 2180 verbum
636 2153 728 2180 esse
770 2139 985 2181 facturum
1028 2140 1262 2194 neminem,
1302 2140 1398 2195 ipso

40 2198 223 2241 nomine
260 2198 478 2253 parricidii
510 2200 553 2239 et
586 2197 814 2239 atrocitate
855 2198 1045 2239 criminis
1088 2198 1197 2252 fore,
1240 2200 1290 2240 ut
1329 2199 1399 2240 hic

11 2295 14 2298 .
52 2258 172 2299 nullo
203 2257 379 2311 negotio
411 2257 650 2310 tolleretur,
683 2271 779 2298 cum
806 2256 858 2298 ab
885 2257 1005 2298 nullo
1034 2256 1230 2298 defensus
1257 2256 1398 2299 esset?

52 2315 147 2359 Hoc
178 2315 357 2358 consilio
391 2318 518 2370 atque
552 2315 656 2357 adeo
694 2314 775 2356 hac
815 2315 1002 2357 amentia
1039 2315 1233 2371 impulsi,
1272 2330 1397 2370 quem

1410 711 1462 751 10

137 1436 251 1478 Nam
283 1439 513 1491 postquam
544 1436 620 1477 isti
644 1436 949 1477 intellexerunt
975 1451 1144 1478 summa
1169 1437 1393 1492 diligentia
1421 1461 1428 1467 -

1417 761 1462 793 27

1426 2330 1470 2361 29
