1618 2584
340 271 426 307 LIB.
455 272 470 305 Ι
532 272 622 307 CAP
660 277 797 307 45—47
825 277 842 314 ς’
873 277 1066 307 11ῖ-123.
1292 273 1374 314 1853

34 385 59 410 a
92 384 175 423 qua
208 368 384 409 muliere
417 383 512 409 cuin
545 371 637 409 erat
669 369 721 409 ad
755 383 850 410 euin
883 371 1056 409 ventum
1090 365 1202 409 etin
1229 384 1373 410 aurem

34 428 123 468 eius
149 427 477 479 insusurratum,
510 428 616 468 alias
645 428 875 469 revocabat
902 442 985 479 eos,
1017 428 1129 468 inter
1157 442 1262 481 quos
1289 428 1375 468 iam

34 486 294 539 decreverat,
333 485 634 540 decretumque
668 487 882 540 mutabat,
924 486 1029 527 alias
1062 486 1175 527 inter
1208 486 1375 539 aliquos

33 544 291 586 contrarium
333 544 423 585 sine
461 545 551 585 ulla
589 545 798 599 religione
831 545 1101 598 decernebat,
1143 559 1191 586 ac
1222 559 1375 599 proxu-

0 615 13 640 5
34 603 113 643 mis
141 603 270 657 paulo
302 606 400 644 ante
434 604 689 644 decreverat.
751 603 863 645 Hinc
894 604 959 644 illi
991 604 1186 644 homines
1219 606 1352 657 erant,
1382 613 1442 643 121

33 661 105 715 qui
143 662 274 702 etiam
312 662 480 702 ridiculi
520 662 848 703 inveniebantur
892 677 942 703 ex
986 663 1150 716 dolore3
1196 677 1377 716 quorum

33 720 117 773 alii,
150 720 194 761 id
226 720 340 774 quod
373 735 498 774 saepe
532 721 724 773 audistis,
756 721 975 775 negabant
1004 721 1245 762 mirandum
1274 735 1376 774 esse,

31 779 107 819 ius
156 781 246 820 tam
290 793 474 833 nequam
519 794 609 820 esse
654 780 929 832 verrinum3
976 780 1049 820 alii
1087 780 1217 821 etiam
1255 780 1377 835 frigi-

32 837 170 878 diores
228 840 371 891 erant,
431 838 524 891 sed,
585 838 684 892 quia
744 838 1148 892 stomachabantur,
1208 838 1377 880 ridiculi

0 896 287 937 ovidebantur
332 911 441 950 esse,
486 911 581 937 cum
620 895 893 937 Sacerdotem
934 898 1261 951 execrabantur,
1305 897 1378 951 qui

31 970 225 996 verrem
276 958 366 996 tam
415 970 600 1009 nequam
650 955 905 1009 reliquisset.
986 955 1101 1003 Quae
1162 970 1241 1011 ego
1292 971 1379 997 non

31 1028 413 1055 commemorarem
459 1013 612 1070 (neque
658 1015 770 1055 enim
815 1014 1029 1068 perfacete
1079 1015 1193 1056 dicta
1242 1030 1378 1068 neque

30 1087 158 1126 porro
192 1073 272 1114 hac
299 1073 527 1114 severitate
554 1074 684 1128 digna
714 1073 845 1127 sunt),
876 1073 961 1114 nisi
986 1088 1062 1114 vos
1088 1074 1196 1114 illud
1222 1074 1378 1114 vellem

31 1132 263 1184 recordari,
309 1132 435 1172 istius
482 1132 719 1186 nequitiam
764 1134 824 1183 [et
866 1132 1140 1186 iniquitatem
1184 1134 1295 1184 tum]
1336 1132 1380 1172 in

0 1203 104 1231 5ore
136 1191 255 1245 volgi
288 1194 417 1244 atque
454 1191 499 1232 in
538 1191 834 1232 communibus
874 1191 1114 1245 proverbiis
1154 1206 1245 1231 esse
1286 1206 1379 1232 ver-

31 1251 182 1290 satam.
1392 1282 1445 1322 47

118 1307 169 1348 In
200 1309 368 1362 plebem
395 1323 494 1349 vero
522 1308 763 1349 Romanam
788 1311 934 1349 utrum
962 1308 1207 1362 superbiam
1234 1308 1352 1363 prius
1382 1335 1447 1364 12⁶3

32 1381 360 1408 commemorem
381 1382 436 1408 an
462 1367 789 1408 crudelitatem?
841 1366 939 1408 Sine
967 1368 1095 1408 dubio
1123 1367 1352 1408 crudelitas

32 1426 204 1479 gravior
236 1429 301 1467 est
333 1428 461 1480 atque
495 1427 692 1467 atrocior.
756 1426 981 1467 Oblitosne
1013 1426 1147 1481 igitur
1186 1426 1265 1467 hos
1304 1442 1378 1480 pu-

0 1484 135 1525 otatis
181 1499 290 1538 esse,
335 1499 460 1538 quem
506 1485 557 1526 ad
601 1485 775 1526 niodum
821 1485 878 1525 sit
921 1485 1003 1526 iste
1049 1485 1203 1526 solitus
1241 1485 1376 1539 virgis

32 1543 200 1597 plebem
228 1543 468 1584 Romanam
501 1544 749 1585 concidere?
784 1543 921 1592 Quam
954 1558 1044 1584 rem
1077 1544 1208 1584 etiam
1240 1544 1377 1584 tribu-

31 1616 110 1642 nus
137 1602 275 1655 plebis
301 1602 346 1642 in
372 1602 568 1643 contione
597 1602 698 1657 egit,
725 1617 821 1643 cum
848 1617 956 1654 eum,
984 1617 1110 1656 quem
1138 1602 1221 1643 iste
1242 1602 1376 1658 virgis

32 1660 259 1714 ceciderat,
307 1661 351 1701 in
401 1663 675 1715 conspectum
725 1661 875 1715 populi
943 1661 1110 1702 tomani
1158 1661 1376 1715 produxit3

31 1719 149 1760 cuius
188 1719 248 1760 rei
286 1720 653 1774 recognoscendae
694 1719 850 1760 faciam
894 1720 1016 1761 vobis
1062 1734 1138 1761 suo
1183 1722 1377 1774 tempore

0 1780 304 1833 5potestatem.
355 1777 564 1832 Superbia
588 1793 689 1820 vero
718 1793 825 1832 quae
851 1779 993 1832 fuerit,
1026 1779 1120 1832 quis
1147 1779 1350 1833 ignorat?
1382 1781 1445 1810 1²23

33 1852 158 1891 quein
191 1837 244 1878 ad
275 1837 449 1878 modum
481 1837 562 1878 iste
594 1837 895 1878 tenuissimum
923 1851 1134 1891 quemque
1161 1840 1377 1891 contemp-

32 1896 152 1949 serit,
206 1896 463 1950 despexerit,
516 1896 699 1937 liberum
750 1910 842 1936 esse
891 1910 1127 1950 numquam
1178 1896 1376 1938 duxerit?

30 1954 76 1996 P.
107 1955 345 1996 Trebonius
385 1955 500 1996 viros
532 1955 669 1996 bonos
702 1957 744 1995 et
776 1955 982 1996 honestos
1016 1956 1242 2009 conplures
1274 1955 1377 1996 fecit

31 2013 224 2068 heredes,
257 2014 301 2054 in
332 2014 385 2054 iis
416 2013 519 2054 fecit
551 2028 675 2054 suum
700 2013 917 2054 libertum.
967 2013 1010 2054 Is
1036 2013 1088 2055 A.
1115 2013 1375 2055 Trebonium

0 2084 13 2108 ο
32 2072 210 2114 fratrem
241 2073 452 2113 habuerat
478 2073 779 2126 proscriptum.
829 2072 883 2113 Ei
910 2088 1005 2114 cum
1033 2075 1205 2113 cautum
1232 2074 1376 2126 vellet,

34 2132 215 2185 scripsit,
236 2134 284 2172 ut
298 2131 473 2172 heredes
490 2131 681 2172 iurarent
697 2146 740 2172 se
755 2134 992 2184 curaturos,
1012 2134 1060 2173 ut
1076 2146 1125 2172 ex
1145 2146 1221 2172 sua
1242 2132 1377 2172 cuius-

34 2205 112 2244 que
144 2192 267 2245 parte
298 2205 351 2232 ne
384 2190 524 2230 minus
558 2190 780 2231 dimidium
814 2190 867 2231 ad
892 2190 944 2231 A.
965 2190 1226 2231 Trebonium
1252 2190 1376 2231 illum

32 2249 319 2303 proscriptum
345 2249 599 2303 perveniret.
649 2249 851 2289 Libertus
877 2249 1008 2302 iurat3
1043 2249 1173 2289 ceteri
1199 2249 1376 2290 heredes

33 2308 188 2349 adeunt
227 2308 280 2349 ad
311 2307 508 2361 Verrem,
547 2308 699 2349 docent
736 2322 823 2348 non
854 2310 1052 2361 oportere
1086 2322 1129 2348 se
1161 2308 1204 2348 id
1235 2308 1377 2349 iurare

0 2366 219 2408 5facturos
270 2381 380 2420 esse,
430 2366 544 2421 quod
587 2369 738 2408 contra
781 2366 922 2421 legem
966 2365 1209 2407 Corneliam
1252 2370 1375 2420 esset,

34 2439 140 2479 quae
171 2426 460 2480 proscriptum
492 2425 632 2466 iuvari
663 2428 846 2479 vetaret,
882 2425 1120 2479 inpetrant,
1152 2427 1200 2466 ut
1231 2440 1283 2466 ne
1315 2425 1375 2467 iu-

32 2486 144 2538 rent3
183 2485 256 2525 dat
292 2485 359 2525 liis
392 2485 719 2540 possessionem.
781 2483 830 2524 Id
863 2498 942 2539 ego
974 2498 1061 2525 non
1092 2484 1374 2539 reprehend03
