1618 2584
352 16 440 52 LIB.
463 18 477 52 Ι
529 18 629 53 CAP.
658 21 712 62 14,
742 22 783 52 15
811 21 829 60 ἓ
855 21 1004 53 35—41.
1274 17 1355 58 155

11 117 204 159 tissimus
244 128 336 155 esse
374 113 538 167 debuit,
577 114 630 155 ab
665 128 708 155 se
740 113 959 156 hominem
992 116 1121 167 atque
1154 113 1207 154 ab
1241 127 1354 153 exer-

11 177 97 218 citu
124 187 199 215 suo
226 172 428 226 removit3
454 171 691 214 Beneventi
716 187 808 215 esse
834 173 962 214 iussit
988 172 1101 227 apud
1130 186 1214 224 eos,
1248 185 1353 225 quos

11 234 98 277 suis
136 231 334 287 partibus
373 231 656 272 amicissimos
696 245 789 273 esse
825 231 1128 287 intellegebat,
1166 230 1240 271 ubi
1271 230 1354 271 iste

12 305 201 335 summae
227 290 290 331 rei
317 305 553 344 causaeque
580 304 732 332 nocere
760 291 869 331 nihil
901 293 1059 346 posset.
1115 288 1170 331 Ei
1202 291 1354 344 postea

11 349 202 407 praemia
227 351 374 390 tamen
400 349 640 390 liberaliter
671 348 836 404 tribuit,
869 350 983 391 bona
1016 349 1225 403 quaedam
1258 361 1354 402 pro-

10 409 267 463 scriptorum
304 407 350 448 in
387 422 492 463 agro
525 407 827 450 Beneventano
862 408 1101 463 diripienda
1132 406 1354 459 concessit,

9 467 160 510 habuit
203 467 411 508 honorem
454 469 503 508 ut
547 466 777 521 proditori,
821 482 908 508 non
951 470 999 508 ut
1039 467 1176 508 amico
1214 465 1354 506 fidem.

8 527 131 569 Nunc
161 525 356 579 quamvis
390 525 477 566 sint
507 525 704 566 homines
737 526 810 580 qui
841 529 1061 567 mortuum
1094 524 1168 567 Cn.
1196 523 1354 567 Carbo-

8 600 105 628 nem
131 584 318 638 oderint,
353 586 501 625 tamen
530 584 577 624 hi
610 584 783 637 debent,
815 599 902 626 non
934 585 1035 639 quid
1066 585 1133 625 illi
1165 583 1354 625 accidere

8 644 241 698 voluerint,
285 643 359 684 sed
402 642 503 696 quid
541 642 647 697 ipsis
685 643 730 684 in
767 643 848 684 tali
886 658 931 684 re
969 643 1245 685 metuendum
1285 642 1354 695 sit,

9 703 210 758 cogitare.
262 700 498 743 Commune
526 704 591 742 est
616 701 698 743 hoc
723 703 898 756 malum,
930 702 1168 743 communis
1202 704 1353 754 metus,

9 775 232 804 commune
262 760 512 816 periculum.
560 760 718 802 Nullae
751 763 851 802 sunt
884 761 1140 803 occultiores
1173 760 1353 801 insidiae

10 835 137 876 quam
176 834 267 874 eae,
306 834 414 873 quae
452 820 591 861 latent
627 819 673 860 in
711 820 987 861 simulatione
1026 819 1158 861 officii
1197 822 1270 861 aut
1310 819 1354 859 in

10 880 152 934 aliquo
190 878 517 920 necessitudinis
552 878 736 921 nomine.
801 878 914 920 Nam
949 893 1063 932 eum,
1103 878 1175 933 qui
1207 878 1354 933 palam

10 941 74 980 est
101 938 380 991 adversarius,
412 937 538 979 facile
565 938 753 979 cavendo
780 938 919 979 vitare
947 938 1107 992 possis3
1139 937 1221 978 hoc
1252 950 1354 978 vero

10 998 223 1039 occultum
247 997 501 1037 intestinum
529 1011 578 1038 ac
604 997 887 1038 domesticum
914 997 1076 1037 malum
1108 1011 1196 1037 non
1227 995 1354 1036 modo

10 1056 197 1109 exsistit,
234 1070 383 1097 verum
416 1056 547 1096 etiam
581 1056 805 1110 opprimit,
845 1058 1076 1110 antequam
1109 1055 1355 1110 prospicere

10 1118 137 1170 atque
170 1115 393 1169 explorare
425 1115 630 1168 potueris.
691 1114 814 1155 Itane
846 1115 978 1156 vero?
1019 1117 1068 1155 tu
1100 1129 1196 1155 cum
1230 1127 1354 1167 quae-

11 1177 99 1216 stor
137 1173 189 1215 ad
228 1173 459 1214 exercitum
499 1173 656 1214 missus
695 1174 772 1227 sis,
810 1176 955 1215 custos
992 1187 1081 1215 non
1113 1173 1253 1214 solum
1285 1186 1355 1226 pe-

11 1233 174 1286 cuniae,
214 1233 287 1273 sed
325 1233 456 1273 etiam
492 1233 699 1286 consulis,
737 1233 954 1287 particeps
988 1232 1180 1274 omnium
1212 1245 1355 1272 rerum

10 1292 370 1345 consiliorumque
413 1291 562 1344 fueris,
605 1291 782 1332 habitus
827 1291 885 1332 sis
929 1291 975 1332 in
1018 1291 1203 1332 liberum
1247 1290 1356 1342 1000,

10 1351 119 1393 sicut
145 1365 238 1392 mos
266 1350 477 1391 maiorum
502 1350 682 1404 ferebat,
707 1353 882 1405 repente
909 1350 1142 1404 relinquas,
1172 1349 1356 1401 deseras,

11 1410 63 1452 ad
101 1410 368 1451 adversarios
406 1410 631 1450 transeas?
688 1409 722 1450 O
763 1409 920 1463 scelus,
961 1423 985 1450 o
1023 1410 1273 1463 portentum
1311 1407 1356 1447 in

10 1469 184 1511 ultimas
232 1471 370 1509 terras
418 1467 747 1522 exportandum!
816 1466 915 1509 Non
960 1468 1073 1508 enim
1116 1469 1262 1522 potest
1307 1480 1356 1507 ea

9 1530 181 1582 natura,
232 1541 340 1582 quae
390 1529 559 1568 tantum
602 1526 768 1568 facinus
814 1526 1095 1580 commiserit,
1145 1526 1227 1567 hoc
1270 1539 1355 1566 uno

12 1587 168 1629 scelere
195 1601 286 1628 esse
313 1588 531 1640 contenta3
563 1598 737 1627 necesse
770 1588 836 1626 est
868 1600 1036 1640 semper
1069 1584 1233 1639 aliquid
1265 1584 1355 1625 eius

12 1646 125 1688 modi
157 1646 374 1699 moliatur,
404 1640 576 1686 necesse
613 1648 679 1686 est
709 1645 754 1686 in
787 1644 919 1685 simili
952 1643 1130 1685 audacia
1160 1643 1356 1698 perfidia-

13 1719 91 1759 que
122 1707 329 1745 versetur.

96 1763 248 1817 Itaque
285 1763 399 1804 idem
436 1763 537 1817 iste,
576 1777 702 1817 quem
735 1761 810 1804 Cn.
837 1762 1071 1803 Dolabella
1108 1764 1262 1817 postea
1309 1760 1354 1802 C.

12 1821 215 1864 Malleolo
255 1822 393 1864 occiso
433 1837 511 1876 pro
551 1825 778 1876 quaestore
815 1821 970 1868 habuit
1008 1820 1143 1875 (haud
1181 1820 1267 1862 scio
1303 1835 1356 1860 an

13 1882 148 1923 maior
185 1881 317 1922 etiam
354 1881 460 1922 haec
497 1881 766 1922 necessitudo
804 1879 935 1921 fuerit
975 1895 1104 1934 quam
1141 1879 1219 1920 illa
1256 1878 1356 1920 Car-

13 1940 135 1982 bonis
169 1955 217 1981 ac
249 1941 346 1995 plus
379 1940 583 1981 iudicium
615 1939 854 1981 voluntatis
886 1939 1030 1981 valere
1064 1953 1193 1993 quam
1226 1937 1356 1979 sortis

15 1998 196 2055 debeat),
226 1999 339 2040 idem
365 1999 410 2039 in
437 1998 509 2041 Cn.
531 1998 809 2039 Dolabellam
843 1998 916 2052 qui
946 1998 992 2039 in
1018 1997 1092 2040 Cn.
1114 1996 1356 2039 Carbonem

0 2056 112 2114 ,fuit3
147 2073 265 2113 nam,
305 2073 413 2113 quae
450 2058 495 2099 in
525 2057 670 2112 ipsum
700 2057 905 2104 valebant
937 2057 1134 2109 crimina,
1173 2055 1357 2098 contulit

13 2115 57 2158 in
92 2117 216 2159 illum
255 2131 512 2171 causamque
551 2116 668 2158 illius
709 2131 879 2157 omnem
918 2116 971 2157 ad
1008 2115 1205 2157 inimicos
1239 2129 1357 2156 accu-

15 2177 261 2231 satoresque
294 2176 466 2230 detulit3
504 2176 596 2230 ipse
628 2175 673 2216 in
706 2190 819 2230 eum,
859 2175 926 2216 cui
957 2175 1146 2230 legatus,
1179 2173 1247 2216 cui
1277 2188 1356 2228 pro

15 2237 238 2288 quaestore
263 2235 416 2289 fuerat,
449 2234 793 2276 inimicissimum
824 2237 952 2288 atque
985 2232 1357 2289 improbissimum

1380 533 1424 563 39

1381 1121 1425 1152 40

1382 1768 1424 1799 41
