1618 2584
148 705 191 735 34

146 1882 188 1913 36

148 2117 188 2148 37

170 1256 183 1265 2
216 1227 473 1282 pactionem.
529 1225 643 1268 Nam
674 1241 753 1281 ego
786 1226 1007 1280 Roscium,
1040 1227 1075 1267 si
1109 1227 1209 1280 quid
1241 1226 1458 1268 communi
1489 1241 1558 1268 no-

219 74 276 114 92
478 73 570 107 PRO
598 73 637 115 Q.
658 71 829 107 ROSCIO
858 71 1087 108 COMOEDO
1115 72 1305 108 ORATIO.

219 169 337 224 licet,
376 184 422 211 re
460 172 503 210 et
540 169 722 210 veritate
756 168 1011 210 mediocrem
1044 170 1087 209 et
1118 171 1290 210 tenuem
1324 183 1415 209 esse
1446 168 1558 211 inve-

217 228 358 269 nietis.
414 228 594 282 Accepit
633 228 745 268 enim
779 241 931 282 agrum
962 227 1230 281 temporibus
1263 228 1333 281 iis,
1372 242 1469 268 cum
1499 227 1556 269 ia—

219 289 364 328 cerent
382 287 523 341 pretia
543 286 834 340 praediorum,
861 285 934 340 qui
954 300 1057 341 ager
1075 300 1212 340 neque
1233 286 1383 327 villam
1407 285 1558 328 habuit
1612 315 1615 329 .

218 360 355 400 neque
383 360 431 386 ex
457 346 548 386 ulla
573 347 695 399 parte
720 344 803 385 fuit
829 345 989 398 cultus,
1022 344 1094 398 qui
1120 359 1232 386 nunc
1258 345 1395 386 multo
1422 345 1557 399 pluris

220 406 297 458 est,
331 419 458 458 quam
484 406 585 445 111116
610 403 704 444 11111.
754 402 903 457 Neque
929 403 972 443 id
998 406 1064 444 est
1090 403 1258 444 mirum.
1308 402 1418 444 Tum
1448 403 1558 445 enim
1575 417 1590 443 5

220 465 396 517 propter
422 462 483 503 rei
509 462 707 516 publicae
740 462 1009 503 calamitates
1043 462 1233 503 omnium
1265 462 1558 517 possessiones
1611 463 1614 467 '

220 523 342 562 erant
379 521 585 574 incertae,
629 535 742 562 nunc
781 521 905 562 deum
941 521 1255 562 immortalium
1291 520 1558 575 benignitate

220 579 410 621 omnium
435 579 634 621 fortunae
665 582 764 621 sunt
797 582 955 632 certae3
988 582 1080 620 tum
1113 582 1206 621 erat
1238 594 1342 634 ager
1373 579 1558 621 incultus

219 638 310 680 sine
354 641 488 692 tecto,
530 653 643 680 nunc
687 641 753 679 est
796 638 1060 680 cultissimus
1105 653 1201 680 cum
1241 638 1407 692 optima
1444 638 1558 679 villa.

219 697 380 738 Verum
400 700 558 751 tamen,
585 697 787 751 quoniam
807 700 963 738 natura
982 700 1073 738 tam
1099 697 1328 738 malivolus
1361 711 1418 751 es,
1442 711 1559 738 num·
1576 711 1601 736 1c

220 771 346 810 quam
392 756 478 797 ista
521 759 564 797 16
608 756 808 797 molestia
846 759 888 797 61
926 771 1027 797 cura
1064 756 1270 797 liberabo.
1337 755 1560 798 Praeclare

219 830 343 856 suum
380 815 603 870 negotium
643 815 779 870 gessit
816 814 1014 868 Roscius,
1058 814 1237 855 fundum
1275 814 1560 855 fructuosissi-

218 889 335 915 mum
375 874 574 927 abstulit,
612 874 713 928 quid
746 873 799 915 ad
830 874 903 915 te‘?
959 873 1096 914 Tuam
1127 876 1297 928 partem
1330 873 1559 927 dimidiam,

220 947 345 987 quem
379 932 433 973 ad
465 932 639 973 modum
671 933 754 986 vis,
787 932 940 974 decide.
996 931 1142 973 Vertit
1173 932 1242 973 hic
1274 932 1486 973 rationem
1519 935 1559 973 61

217 992 271 1046 1(1,
299 991 412 1046 quod
434 991 619 1046 probare
645 1006 733 1033 non
759 993 915 1046 potest,
941 991 1104 1046 fingere
1130 993 1322 1033 conatur.
1361 990 1440 1032 eDe
1466 994 1559 1032 tota
1577 1004 1599 1030 15

217 1050 296 1104 re’,
329 1050 488 1104 inquit,
522 1049 769 1091 ‘deciclisti’.

304 1109 423 1164 Ergo
450 1109 533 1150 huc
559 1109 758 1150 universa
784 1123 914 1150 causa
939 1108 1172 1163 deducitur,
1203 1111 1348 1150 utrum
1380 1108 1558 1150 Roscius

217 1183 312 1210 611111
345 1167 495 1209 Flavio
533 1168 582 1208 (16
615 1182 692 1209 sua
724 1171 846 1222 parte
880 1182 934 1209 an
967 1168 1016 1209 (16
1048 1170 1142 1209 tota
1175 1168 1380 1209 societate
1412 1168 1559 1209 1666111

217 1286 331 1327 1111116
370 1285 536 1341 tetigit,
574 1285 781 1327 confiteor
818 1289 1038 1340 praestare
1078 1285 1231 1326 debere
1264 1285 1473 1327 societati.
1508 1309 1554 1314 —
1575 1297 1596 1322 2(

218 1344 464 1398 Societatis,
512 1359 599 1385 non
642 1359 741 1385 suas
786 1344 884 1384 lites
929 1344 1127 1398 redemit,
1173 1359 1267 1386 cum
1312 1344 1491 1385 fundum
1535 1359 1558 1386 a

217 1403 368 1445 Flavio
409 1403 583 1458 accepit.
623 1427 678 1432 ——
717 1403 827 1452 Quid
864 1403 927 1445 ita
964 1404 1070 1445 satis
1109 1417 1195 1444 non
1228 1403 1343 1445 dedit
1376 1403 1557 1457 amplius

219 1464 260 1515 [a
287 1464 349 1515 se]
376 1462 591 1503 neminem
617 1462 884 1517 petiturum?
936 1462 1017 1512 Qui
1049 1463 1099 1504 de
1129 1477 1206 1504 sua
1237 1464 1360 1517 parte
1393 1462 1558 1516 decidit,
1599 1493 1601 1495 .

220 1521 394 1575 reliquis
432 1521 648 1576 integram
689 1521 894 1575 relinquit
932 1522 1162 1576 actionem,
1208 1521 1280 1576 qui
1316 1535 1394 1576 1110
1434 1521 1556 1562 306113

217 1580 434 1635 transigit,
467 1580 571 1621 satis
600 1580 673 1621 dat
701 1580 914 1621 neminem
947 1595 1094 1622 eorum
1125 1582 1279 1635 postea
1309 1580 1555 1635 petiturum.
1573 1592 1594 1617 2³

219 1639 327 1688 Quid
371 1639 434 1680 ita
471 1638 622 1680 Flavio
668 1639 750 1679 sibi
791 1654 940 1680 cavere
980 1654 1066 1681 non
1104 1639 1221 1680 venit
1257 1639 1303 1680 in
1341 1639 1555 1680 mentem?

215 1698 435 1739 nesciebat
460 1697 660 1739 videlicet
679 1697 928 1752 Panurgum
954 1698 1086 1739 fuisse
1111 1697 1156 1738 in
1182 1698 1400 1740 societate.
1450 1696 1556 1740 Scie-

215 1757 304 1797 bat.
378 1755 611 1798 Nesciebat
659 1755 870 1797 Fannium
921 1756 1076 1798 Roscio
1131 1771 1222 1799 esse
1274 1757 1446 1799 socium.
1501 1781 1556 1785 -

215 1814 460 1869 Praeclare3
498 1829 598 1856 nam
633 1815 716 1856 iste
749 1830 844 1856 611111
878 1830 925 1857 60
959 1816 1079 1857 1116111
1113 1818 1399 1858 contestatam
1430 1815 1555 1857 habe-

215 1874 303 1915 bat.
360 1873 446 1916 Cur
483 1874 618 1929 igitur
654 1873 809 1915 decidit
842 1876 884 1915 et
914 1889 1001 1916 non
1032 1875 1315 1929 restipulatur
1344 1875 1590 1916 neminem&

217 1933 402 1987 amplius
441 1933 705 1988 petiturum?
751 1947 824 1974 cur
862 1933 911 1974 de
949 1933 1080 1975 fundo
1120 1934 1285 1975 decedit
1322 1937 1364 1975 et
1402 1933 1553 1975 iudicio
1599 1926 1602 1938 ‘

215 2007 303 2033 non
342 1992 612 2033 absolvitur?
658 2007 731 2033 6111
769 1994 859 2033 tam
897 1992 1095 2047 imperite
1129 1993 1250 2047 facit,
1288 1995 1336 2034 ut
1366 2007 1444 2034 1166
1474 1992 1554 2033 Ro-

217 2051 351 2092 scium
390 2050 671 2105 stipulatione
712 2051 863 2106 alliget
900 2065 1037 2105 neque
1070 2067 1094 2093 a
1125 2051 1289 2093 Fannio
1323 2051 1479 2093 iudicio
1511 2064 1553 2092 se

217 2110 446 2151 absolvat?
496 2109 579 2151 Est
613 2109 694 2151 hoc
725 2110 912 2164 primum
944 2113 987 2151 et
1019 2125 1069 2151 ex
1101 2110 1346 2152 condicione
1376 2110 1481 2151 iuris
1513 2111 1552 2151 et

216 2183 265 2209 ex
293 2169 598 2210 consuetudine
625 2169 835 2210 cautionis
861 2169 1155 2210 firmissimum
1183 2172 1224 2210 et
1253 2169 1552 2224 gravissimum
1569 2157 1600 2203 ³³¹

217 2230 530 2282 argumentum,
559 2228 672 2282 quod
698 2242 778 2282 ego
804 2228 1001 2282 pluribus
1027 2228 1168 2270 verbis
1197 2229 1486 2283 amplecterer,
1518 2226 1552 2268 si

215 2299 301 2326 non
317 2286 403 2328 alia
417 2286 601 2328 certiora
616 2289 658 2328 et
672 2287 855 2328 clariora
868 2287 1172 2328 testimoniam
1194 2302 1322 2329 causa
1341 2287 1551 2328 haberem.

1545 2515 1618 2584 1
