1618 2584
341 32 429 67 ΜΒ.
456 32 471 66 Ι
527 32 628 67 CAP.
659 36 747 66 1-4
773 36 791 74 ξ
819 36 920 66 2—9.
1219 32 1301 72 143

0 143 44 170 ec
69 127 251 182 populus
276 126 496 167 Romanus
523 127 688 181 metuit,
714 127 764 169 de
789 126 1055 180 impudentia
1081 127 1304 181 singulari,

0 186 81 227 uod
109 185 247 238 adest,
280 185 392 238 quod
424 186 670 239 respondet,
702 188 801 227 sunt
833 185 906 239 qui
938 185 1163 239 mirentur,
1197 186 1302 226 mihi

0 259 45 286 ro
71 246 212 285 cetera
238 243 327 284 eius
355 243 532 285 audacia
558 248 686 298 atque
716 244 904 285 amentia
933 259 986 285 ne
1018 243 1099 285 hoc
1132 244 1304 298 quidem

0 302 209 344 111-0111111111
246 301 425 342 videtur.
480 302 619 343 Multa
651 303 763 343 enim
796 305 838 343 et
868 302 915 343 in
946 302 1045 343 deos
1079 305 1122 343 et
1152 303 1197 343 111
1228 302 1304 342 110-

0 361 104 403 lines
147 359 277 413 impie
317 360 562 414 nefarieque
600 360 832 413 commisit,
877 375 1058 414 quorum
1097 362 1304 402 scelerum

0 419 114 461 oem's
135 419 326 473 agitatur
344 421 387 459 et
405 433 429 459 a
446 422 588 459 mente
608 419 871 473 consilioque
892 419 1121 460 deducitur.
1154 418 1304 473 Agunt

0 493 64 520 um
110 477 387 531 praecipitem
433 491 594 530 poenae
638 477 793 518 civium
837 477 1147 531 Romanorum,
1198 492 1303 531 quos

0 536 127 578 artim
171 535 307 576 securi
350 535 579 588 percussit,
622 536 781 588 partim
821 536 866 576 in
906 536 1086 577 vinculis
1125 536 1308 589 necavit,

0 595 126 637 artim
158 594 440 647 implorantes
473 593 568 634 iura
599 594 814 634 libertatis
848 596 890 634 et
922 594 1108 636 civitatis
1140 595 1185 635 in
1217 609 1306 636 cru—

0 668 59 695 em
99 652 285 693 sustulit.
347 651 538 705 R-apiunt
575 666 672 693 eum
711 652 763 693 ad
802 652 1059 705 supplicium
1091 653 1133 693 di
1165 653 1307 707 patrii,

0 711 81 753 uod
118 712 200 752 iste
236 725 345 751 unus
382 710 581 751 inventus
620 714 700 764 est,
745 710 817 764 qui
856 713 898 751 et
933 725 954 751 e
993 712 1200 765 conplexu
1237 727 1308 765 pa-

0 773 139 812 entum
177 770 378 823 abreptos
416 769 528 810 filios
568 769 621 810 ad
657 784 804 810 necem
840 769 1012 811 duceret
1044 774 1086 810 et
1117 770 1307 823 parentis

0 828 153 870 retium
195 843 272 882 pro
311 828 532 892 sepultura
568 828 752 869 liberum
791 831 998 881 posceret.
1059 828 1307 883 Religiones

0 902 68 929 ero
115 887 482 940 caerimoniaeque
529 887 719 927 omnium
764 900 982 928 saciffoium
1025 886 1308 952 fanorumque

0 946 156 988 iolatae
183 945 495 999 simulacraque
522 945 709 998 deorum,
743 960 850 999 quae
875 959 962 986 non
988 945 1115 986 modo
1144 960 1194 986 ex
1221 946 1309 986 suis

0 1005 142 1058 amplis
182 1004 330 1045 ablata
362 1007 478 1057 sunt,
518 1004 591 1045 sed
623 1003 753 1044 etiam
784 1004 925 1045 iacent
955 1003 1001 1044 in
1031 1004 1220 1045 tenebris
1254 1005 1308 1045 ab

0 1066 54 1105 {to
79 1067 249 1104 retrusa
274 1065 402 1116 atque
430 1062 587 1116 abdita,
620 1062 854 1104 consistere
881 1063 970 1103 eius
998 1062 1188 1103 animum
1219 1063 1309 1104 sine

0 1136 113 1164 11010
155 1124 283 1175 atque
321 1121 510 1162 amentia
546 1136 633 1162 non
671 1121 827 1162 sinunt.
895 1120 1045 1175 Neque
1083 1121 1165 1162 iste
1203 1121 1310 1162 mihi
1335 1129 1356 1160 8

0 1181 137 1222 idetur
175 1194 219 1221 se
258 1180 311 1221 ad
350 1179 669 1221 damnationem
704 1180 845 1221 solum
877 1180 1029 1220 offerre
1059 1194 1197 1234 neque
1229 1180 1310 1221 hoc

0 1239 178 1280 varitiae
205 1238 415 1292 supplicio
443 1238 670 1292 communi,
703 1239 776 1292 qui
803 1253 847 1279 se
873 1242 940 1280 tot
973 1238 1205 1279 sceleribus
1239 1239 1310 1279 ob-

0 1298 206 1350 trinxerit,
227 1300 452 1338 contentus
474 1311 583 1350 esse3
609 1297 872 1352 singularem
894 1297 1107 1351 quandam
1128 1312 1310 1351 poenam

0 1356 95 1398 {tius
115 1356 316 1397 immanis
338 1359 466 1410 atque
488 1356 736 1409 importuna
759 1358 916 1397 natura
942 1356 1166 1397 desiderat.
1210 1355 1311 1397 Non

0 1415 16 1457 1
39 1415 180 1456 solum
207 1415 437 1469 quaeritur,
468 1417 517 1455 ut
541 1414 626 1456 isto
654 1414 856 1456 damnato
883 1415 997 1455 bona
1025 1415 1311 1456 restituantur

0 1488 36 1529 s,
68 1474 221 1528 quibus
249 1476 396 1527 erepta
427 1476 544 1526 sunt,
583 1473 656 1514 sed
688 1476 730 1514 et
761 1473 991 1527 religiones
1025 1473 1200 1514 deorum
1232 1473 1311 1514 im-

0 1532 222 1575 iortalium
248 1532 481 1586 expiandae
508 1535 551 1572 et
582 1531 739 1573 civium
772 1531 1067 1573 Romanorum
1099 1532 1311 1575 cruciatus

0 1592 290 1645 iultorumque
345 1590 637 1631 innocentium
693 1591 868 1645 sanguis
924 1590 1049 1631 istius
1101 1590 1310 1645 supplicio

0 1650 150 1691 flendus
190 1653 267 1691 est.
332 1649 433 1690 Non
470 1649 582 1690 enim
618 1648 775 1703 furem,
820 1649 892 1690 sed
929 1652 1189 1703 ereptorem,
1225 1664 1312 1690 non
1338 1652 1359 1681 9

0 1709 233 1762 dulterum,
277 1708 351 1749 sed
392 1710 729 1763 expuomnatmem
767 1707 1015 1761 pudicitiae,
1057 1722 1145 1749 non
1183 1708 1312 1749 sacri-

0 1781 136 1833 egum,
175 1767 248 1808 sed
285 1766 456 1808 hostem
493 1780 711 1807 saeiUoium
742 1766 1104 1831 religionumque,
1141 1781 1228 1808 non
1261 1766 1313 1807 si-

1 1826 152 1880 arium,
200 1825 272 1866 sed
318 1825 660 1867 crudelissimum
705 1825 945 1866 carnificem
984 1825 1140 1866 civium
1179 1825 1311 1866 socio-

0 1899 151 1939 umque
179 1883 225 1925 in
255 1887 447 1925 vestium
477 1884 679 1925 iudicium
713 1883 976 1936 adduximuS,
1007 1886 1056 1924 ut
1088 1897 1168 1937 ego
1200 1883 1313 1924 hunc

0 1958 106 1985 inum
126 1943 214 1985 eius
240 1943 356 1984 modi
381 1957 501 1983 reum
526 1945 625 1996 post
650 1942 874 1983 hominum
902 1942 1155 1983 memoriam
1179 1941 1312 1983 fuisse

0 2002 175 2056 ,rbitrer,
207 2001 274 2043 cui
306 2001 501 2043 damnari
533 2000 760 2054 expediret.

62 2061 175 2102 Nam
201 2060 294 2114 quis
319 2060 402 2102 hoc
425 2074 512 2101 non
543 2059 772 2114 intellegit,
802 2058 935 2100 istum
968 2059 1215 2100 absolutum
1248 2058 1312 2100 dis
1338 2057 1364 2097 4

0 2119 306 2173 [ominibusque
325 2118 473 2160 invitis
493 2121 639 2159 tamen
660 2132 709 2159 ex
735 2118 934 2158 manibus
960 2117 1109 2172 populi
1129 2117 1314 2159 Romani

0 2177 85 2232 aeripi
108 2179 228 2219 nullo
255 2178 382 2220 modo
407 2177 563 2232 posse?
597 2176 690 2231 quis
717 2176 798 2217 hoc
827 2191 915 2217 non
946 2176 1161 2230 perspicit,
1193 2189 1313 2230 prae-

0 2236 90 2278 stare
121 2236 342 2278 nobiscum
375 2239 518 2278 actum
548 2235 619 2289 iri,
653 2235 688 2276 si
720 2235 903 2289 populus
936 2235 1155 2276 Romanus
1187 2235 1312 2276 istius

1330 399 1356 480 *¹00
