1618 2584
404 239 491 272 LIB.
520 238 552 272 H
591 238 690 274 CAP.
713 244 851 274 41—43
878 244 896 281 ξ
924 244 1118 275 101-106,
1349 241 1431 281 237

99 336 311 389 docerent,
337 335 388 376 de
409 333 560 376 Stheni
580 336 828 377 calamitate
849 338 1022 390 questos
1046 350 1150 389 esse,
1175 342 1434 390 propterque

99 395 208 436 hanc
232 394 444 447 iniuriam,
478 409 585 448 quae
614 394 790 435 Sthenio
817 394 932 436 facta
959 397 1082 447 esset,
1114 409 1186 436 eos
1220 396 1434 449 statuisse,

98 457 146 494 ut
166 454 257 506 hoc,
284 454 395 507 quod
423 453 527 507 dico,
553 454 856 507 postularetur.
901 453 1016 502 Quae
1043 469 1138 495 cum
1163 454 1226 494 ita
1254 457 1409 507 essent,
1439 464 1503 493 104

98 515 274 553 tantane
306 513 494 553 amentia
525 512 743 566 praeditus
776 516 904 566 atque
938 513 1114 554 audacia
1144 512 1279 567 fuisti,
1310 515 1358 554 ut
1388 513 1433 554 in

62 582 77 607 5
99 585 141 612 re
179 574 270 611 tam
309 571 444 624 clara,
482 574 572 612 tam
611 573 788 624 testata,
825 574 915 612 tam
954 572 1031 612 abs
1063 574 1106 613 te
1136 572 1231 625 ipso
1263 573 1432 626 pervuh

98 632 201 685 gata
226 630 399 671 tabulas
426 630 620 684 publicas
653 644 923 684 corrumpere
957 631 1162 672 auderes?
1213 630 1273 671 At
1306 645 1432 685 quem

97 689 150 729 ad
189 689 362 730 modum
400 688 659 743 corrupisti?
702 703 843 729 nonne
882 689 960 742 ita,
998 693 1045 730 ut
1078 690 1275 731 omnibus
1306 690 1431 731 nobis

96 748 339 789 tacentibus
364 748 483 801 ipsae
509 751 607 788 tuae
633 750 675 788 te
706 747 881 788 tabulae
914 748 1194 790 condemnare
1226 749 1432 802 possent?

97 805 228 859 Cedo,
255 820 430 860 quaeso,
463 806 667 859 codicem,
700 806 941 860 circumfer,
975 808 1160 848 ostende.
1210 807 1432 849 Videtisne

43 878 75 901 ω
95 865 176 906 hoc
212 868 351 906 totum
389 879 563 917 nomen,
601 879 745 906 coram
780 865 853 906 ubi
883 865 989 906 facit
1020 866 1226 920 delatum,
1265 881 1356 907 esse
1387 867 1432 907 in

95 923 254 965 litura?
305 922 414 972 Quid
439 923 522 964 fuit
547 923 646 965 istic
672 928 798 965 antea
823 925 1059 977 scriptum?
1093 925 1206 979 quod
1232 926 1431 966 mendum

94 983 180 1023 ista
206 983 339 1023 litura
365 982 578 1024 correxit?
628 982 738 1030 Quid
770 998 794 1024 a
825 984 961 1035 nobis,
992 984 1164 1037 iudices,
1197 985 1431 1039 expectatis

95 1044 350 1096 argumenta
392 1042 520 1082 huius
565 1041 784 1083 criminis?
852 1042 974 1083 Nihil
1016 1043 1211 1095 dicimus3
1256 1044 1431 1084 tabulae

95 1104 194 1141 sunt
220 1101 265 1141 in
290 1101 442 1154 medio,
475 1115 583 1154 quae
610 1115 653 1142 se
680 1104 903 1155 corruptas
930 1104 1058 1156 atque
1090 1102 1306 1143 interlitas
1338 1117 1430 1144 esse

43 1170 74 1195 15
95 1159 295 1200 clamant.
358 1159 424 1200 Ex
460 1159 527 1200 his
570 1159 701 1200 etiam
739 1164 786 1201 tu
824 1161 950 1201 rebus
991 1161 1176 1216 effugere
1208 1164 1250 1202 te
1282 1176 1407 1215 posse
1436 1172 1500 1201 105

94 1218 282 1272 confidis,
315 1233 410 1259 cum
436 1221 477 1259 te
508 1233 586 1259 nos
618 1233 705 1260 non
737 1219 935 1273 opinione
968 1219 1109 1273 dubia,
1141 1220 1214 1261 sed
1246 1221 1332 1261 tuis
1364 1235 1431 1262 ve-

94 1277 235 1332 stigiis
272 1292 595 1331 persequamur,
634 1292 740 1332 quae
779 1281 826 1319 tu
863 1279 908 1319 in
946 1279 1106 1319 tabulis
1144 1279 1328 1333 publicis
1365 1294 1430 1320 ex-

92 1351 241 1390 pressa
268 1351 316 1377 ac
341 1337 528 1377 recentia
553 1336 795 1390 reliquisti?
842 1337 884 1378 Is
912 1337 1018 1378 mihi
1045 1338 1175 1378 etiam
1204 1337 1430 1379 Sthenium

92 1395 262 1436 litteras
300 1395 494 1449 publicas
530 1396 771 1449 corrupisse
803 1411 931 1437 causa
961 1397 1183 1451 incognita
1214 1397 1430 1449 iudicavit,

0 1482 1 1488 ,
40 1465 74 1489 20
94 1454 165 1507 qui
206 1453 428 1495 defendere
471 1469 557 1495 non
601 1455 761 1508 poterit
806 1469 849 1496 se
892 1470 979 1496 non
1021 1456 1067 1497 in
1104 1456 1239 1510 ipsius
1278 1455 1430 1497 Stheni

93 1513 264 1553 nomine
296 1513 465 1553 litteras
497 1513 692 1567 publicas
725 1514 995 1567 corrupisse?
1477 1561 1497 1576 ἡ

179 1570 333 1612 Videte
359 1586 487 1626 porro
516 1572 646 1613 aliam
676 1573 919 1627 amentiam,
946 1573 1098 1626 videte,
1124 1576 1182 1627 ut,
1209 1574 1309 1614 dum
1336 1589 1405 1615 ex—
1434 1563 1499 1643 fg}

91 1630 235 1684 pedire
258 1644 350 1671 sese
368 1631 472 1683 vult,
492 1630 652 1672 induat.
687 1630 964 1686 Cognitorem
989 1632 1166 1673 ascribit
1181 1631 1358 1674 Sthenio
1377 1657 1426 1662 ——
1484 1625 1498 1643 '³

92 1689 246 1742 quem?
297 1692 529 1744 cognatum
579 1690 761 1744 aliquem
813 1695 887 1731 aut
930 1691 1248 1745 propinquum?
1318 1691 1429 1733 Non.

38 1758 72 1783 25
92 1747 417 1788 Thermitanum
436 1748 634 1802 aliquem.
656 1749 883 1790 honestum
902 1749 1122 1790 hominem
1142 1765 1190 1791 ac
1209 1751 1428 1792 nobilem?

91 1805 156 1847 Ne
193 1806 236 1847 id
269 1807 450 1861 quidem.
507 1807 568 1848 At
600 1806 806 1861 Siculum,
845 1808 890 1849 in
922 1823 1004 1862 quo
1039 1809 1194 1863 aliquis
1229 1810 1429 1863 splendor

91 1865 363 1921 dignitasque
409 1866 550 1907 esset?
618 1866 856 1908 Neminem.
932 1866 1042 1915 Quid
1087 1869 1218 1923 ergo?
1282 1867 1429 1910 Civem

90 1923 344 1966 Romanum.
396 1925 473 1966 Cui
499 1925 579 1967 hoc
605 1926 782 1980 probari
806 1927 980 1981 potest?
1033 1925 1140 1968 Cum
1168 1930 1281 1968 esset
1308 1926 1430 1969 Sthe-

88 1983 185 2024 nius
206 1983 393 2025 civitatis
416 1999 516 2025 suae
535 1985 843 2039 nobilissimus,
871 1986 1140 2040 amplissima
1160 1987 1427 2042 cognatione,

38 2051 71 2077 30
91 2042 288 2096 plurimis
322 2043 533 2097 amicitiis,
566 2059 661 2085 cum
692 2048 913 2098 praeterea
944 2048 1038 2086 tota
1065 2043 1211 2086 Sicilia
1242 2046 1426 2086 multum

91 2102 347 2142 auctoritate
369 2105 410 2143 et
437 2102 577 2157 gratia
603 2106 761 2157 posset,
786 2104 977 2145 invenire
1002 2104 1216 2145 neminem
1238 2103 1427 2145 Siculum

88 2160 248 2214 potuit,
287 2161 359 2215 qui
400 2162 493 2215 [pro
531 2163 592 2214 se]
628 2163 823 2217 cognitor
853 2163 1004 2204 fieret?
1066 2162 1161 2204 Hoc
1191 2164 1426 2217 probabis?

89 2218 159 2260 An
196 2219 287 2274 ipse
320 2220 455 2261 civem
487 2220 729 2262 Romanum
763 2221 945 2263 maluit?
1002 2220 1134 2275 Cedo,
1173 2222 1240 2263 cui
1272 2221 1427 2277 Siculo,

88 2292 184 2319 cum
209 2279 246 2319 is
272 2293 369 2320 reus
395 2279 528 2333 fieret,
561 2280 665 2321 civis
692 2280 912 2321 Romanus
940 2281 1138 2335 cognitor
1168 2280 1307 2322 factus
1340 2297 1427 2323 um-

36 2345 69 2371 35
90 2350 219 2389 quam
257 2337 325 2379 sit.
387 2337 588 2379 Omnium
626 2342 873 2393 praetorum
911 2339 1096 2393 litteras,
1136 2340 1209 2394 qui
1247 2344 1345 2382 ante
1383 2344 1427 2382 te

87 2393 276 2449 fuerunt,
313 2396 477 2451 profer,
515 2398 694 2451 explica,
734 2399 771 2439 si
801 2413 932 2439 unum
963 2398 1195 2451 inveneris,
1234 2413 1313 2455 ego
1346 2399 1427 2442 hoc

88 2452 185 2507 tibi,
224 2469 348 2509 quem
379 2456 432 2497 ad
464 2457 637 2498 modum
670 2458 714 2498 in
745 2458 907 2499 tabulis
941 2458 1148 2511 scriptum
1180 2458 1331 2511 habes,
1364 2459 1425 2500 ita
