1618 2584
392 267 482 303 LIB.
512 268 543 302 11
601 268 702 303 cAP.
730 273 819 303 5—7
848 276 866 310 ς·
898 273 1039 304 13-19.
1301 271 1384 312 205

43 364 247 419 potuistis
286 364 428 419 priore
464 365 630 406 actione
663 364 774 405 cives
808 364 1023 406 Romanos
1055 365 1385 408 honestissimos

45 438 94 464 ex
133 421 278 464 Sicilia
316 423 526 477 plurimos
566 424 762 464 maximis
802 424 851 464 de
889 425 1034 476 rebus,
1077 427 1119 465 et
1157 439 1262 478 quas
1302 426 1386 479 ipsi

43 482 308 536 accepissent
345 482 541 535 iniurias,
581 485 622 522 et
655 496 760 535 quas
794 482 950 523 scirent
982 497 1074 524 esse
1107 483 1203 524 aliis
1235 483 1386 537 factas,

42 554 120 595 pro
150 540 399 581 testimonio
435 541 583 582 dicere.
632 540 727 595 Ego
759 541 852 595 hoc,
885 542 997 595 quod
1029 542 1248 597 intellego,
1281 543 1385 583 iudi-

7 612 23 636 ε)
44 613 123 651 003,
156 599 215 640 310
248 599 469 640 confirmo:
504 598 664 640 Videor
696 599 801 639 mihi
834 603 1007 654 gratum
1038 600 1190 642 fecisse
1218 599 1384 654 Siculis,

43 658 155 712 quod
188 672 334 699 eorum
366 658 544 698 iniurias
577 672 671 698 meo
706 658 870 709 labore,
906 659 1162 712 inimicitiis,
1194 660 1385 714 periculo

42 731 137 757 sum
175 720 441 770 persecutus,
485 731 571 757 11011
610 716 750 756 111111113
790 717 869 758 1100
908 721 1081 772 gratum
1119 733 1185 759 me
1223 718 1385 760 nostris

42 775 205 816 civibus
250 775 456 830 intellego
501 774 671 827 fecisse,
718 775 790 828 qui
833 775 915 817 hoc
960 777 1225 830 existimant,
1266 778 1385 832 iuris,

41 834 273 886 libertatis,
318 848 459 874 rerum
503 833 858 887 fortunarumque
904 849 1076 876 suarum
1119 836 1303 877 salutem
1340 837 1386 877 in

0 893 166 933 ,01311113
216 892 489 933 damnatione
535 892 779 933 consistere.
849 892 1120 948 Quapropter
1165 895 1214 935 de
1258 895 1384 937 istius
1414 905 1452 935 17

41 954 243 1005 praetura
282 949 494 992 Siciliensi
531 966 613 992 non
655 965 802 992 recuso
844 952 946 1005 quin
984 953 1046 993 ita
1084 968 1150 993 me
1190 954 1385 1007 audiatis,

40 1013 105 1061 ut,
145 1010 179 1050 si
218 1010 416 1063 cuiquam
456 1010 601 1064 generi
639 1010 862 1050 hominum
902 1011 989 1051 sive
1023 1010 1263 1053 Siculorum
1296 1014 1385 1054 sive

39 1072 286 1110 nostrorum
329 1069 502 1122 civium,
547 1069 583 1109 si
621 1069 819 1122 cuiquam
859 1070 998 1110 ordini
1036 1070 1125 1111 sive
1164 1074 1385 1113 aratorum

41 1128 130 1168 sive
174 1142 471 1181 pecuariorum
517 1129 604 1168 sive
649 1130 936 1169 mercatorum
980 1129 1188 1182 probatus
1230 1130 1304 1181 sit,
1349 1131 1385 1171 si

0 1197 21 1222 v5
40 1201 126 1227 non
145 1186 299 1227 horum
324 1187 514 1227 omnium
541 1187 777 1227 communis
805 1187 944 1228 hostis
972 1188 1215 1242 praedoque
1242 1189 1384 1241 fuerit,

42 1245 77 1285 si
122 1245 319 1299 cuiquam
366 1245 544 1299 denique
583 1245 673 1286 ulla
710 1245 754 1285 in
792 1260 836 1286 re
875 1260 1079 1299 umquam
1119 1248 1385 1301 temperarit,

40 1306 88 1344 ut
119 1318 195 1345 vos
229 1319 395 1358 quoque
429 1304 466 1345 01
499 1304 760 1357 temperetis.

130 1362 222 1416 Qui,
255 1363 382 1404 simul
410 1365 537 1417 atque
566 1362 603 1403 ei
629 1365 743 1403 sorte
772 1363 992 1417 provincia
1019 1362 1166 1405 Sicilia
1199 1365 1385 1406 obvenit.

41 1422 189 1462 statim
216 1421 378 1463 Romae
412 1424 454 1462 et
487 1422 539 1462 ad
570 1422 732 1471 urbem,
766 1424 997 1475 antequam
1030 1423 1384 1476 proficisceretur,

0 1491 20 1516 10
42 1495 242 1534 quaerere
275 1481 366 1534 ipse
400 1495 542 1521 secum
576 1483 618 1520 et
651 1480 817 1535 agitare
851 1495 945 1521 cum
980 1481 1066 1522 suis
1101 1483 1259 1536 coepit,
1297 1483 1385 1537 qui-

41 1540 221 1580 busnam
266 1540 393 1580 rebus
438 1540 481 1579 in
528 1553 576 1579 ea
619 1539 839 1592 provincia
877 1540 1110 1581 maximam
1148 1556 1232 1582 uno
1273 1556 1383 1583 anno

40 1599 263 1651 pecuniam
301 1598 441 1639 facere
479 1600 637 1651 posset.
698 1597 888 1638 Nolebat
925 1598 969 1638 in
1008 1598 1174 1653 agendo
1212 1599 1384 1650 discere,

41 1657 217 1697 tametsi
259 1671 345 1697 non
389 1656 633 1710 provinciae
677 1656 794 1696 rudis
834 1659 925 1697 erat
966 1660 1008 1697 et
1046 1658 1148 1711 tiro,
1194 1659 1267 1699 sed
1307 1658 1383 1710 [Si-

41 1715 180 1767 ciliae]
226 1718 402 1769 paratus
446 1715 498 1756 ad
539 1715 743 1769 praedam
781 1715 1097 1770 meditatusque
1136 1717 1279 1757 venire
1319 1733 1384 1759 cu-

0 1785 20 1810 ·5
40 1774 198 1828 piebat.
255 1773 288 1814 O
321 1774 539 1828 praeclare
572 1774 810 1814 coniectum
844 1789 868 1814 a
899 1775 1028 1829 volgo
1061 1775 1105 1815 in
1136 1775 1258 1816 illam
1290 1791 1383 1830 pro·
1412 1785 1454 1816 18

40 1833 223 1873 vinciam
257 1847 382 1873 omen
415 1832 652 1873 communis
685 1832 826 1873 famae
861 1836 989 1886 atque
1022 1834 1249 1887 sermonis,
1289 1850 1383 1876 cum

41 1906 90 1931 ex
115 1891 286 1932 1101111110
312 1891 449 1944 istius,
483 1891 583 1945 quid
608 1891 690 1931 iste
715 1891 760 1931 111
786 1891 1007 1945 provincia
1032 1892 1225 1933 facturus
1259 1898 1383 1944 esset,

40 1950 293 2004 perridicule
319 1950 514 1991 homines
546 1950 888 2005 augurabantur!
933 1950 1105 1992 Etenim
1140 1952 1232 2005 quis
1268 1952 1383 1993 dubi—

40 2012 131 2050 tare
159 2011 318 2062 posset,
350 2023 444 2050 cum
470 2009 597 2049 istius
624 2009 668 2048 in
698 2011 931 2061 quaestura
962 2009 1111 2065 fugam
1145 2014 1187 2051 et
1218 2010 1383 2052 furtum

0 2078 22 2104 10
40 2071 378 2123 recognosceret,
406 2083 500 2109 cum
521 2068 564 2107 in
585 2067 800 2122 legatione
822 2068 1077 2122 oppidorum
1100 2068 1383 2124 fanorumque

42 2127 320 2180 spoliationes
358 2127 589 2181 cogitaret,
628 2140 722 2167 cum
758 2126 922 2167 videret
952 2127 997 2167 in
1029 2128 1122 2168 foro
1155 2128 1383 2169 latrocinia

17 2187 285 2240 praetuiae,
326 2185 465 2239 qualis
494 2185 577 2225 iste
608 2184 654 2224 in
686 2187 839 2238 quarto
874 2188 973 2227 actu
1005 2186 1284 2240 inprobitatis
1317 2187 1383 2228 fu-

40 2247 161 2285 1-111113
193 2244 334 2285 esset‘?
384 2244 528 2297 Atque
559 2245 608 2283 ut
639 2243 906 2294 intellegatis
940 2259 1036 2285 eum
1063 2244 1225 2286 Romae
1260 2260 1384 2299 quae-

43 2303 147 2343 sisse
190 2317 277 2344 non
321 2303 447 2344 modo
491 2316 648 2357 genera
684 2295 870 2355 furandi,
916 2303 989 2344 sed
1028 2304 1159 2344 etiam
1197 2305 1383 2358 nomina,

1 2371 24 2396 ·5
43 2361 328 2403 certissimum
356 2362 535 2416 accipite
563 2363 877 2416 argumentum,
911 2376 994 2415 quo
1020 2362 1189 2403 facilius
1220 2363 1269 2404 de
1302 2364 1383 2404 sin-

44 2420 184 2474 gulari
216 2421 304 2461 eius
337 2420 603 2475 impudentia
613 2395 894 2461 D’existumare
926 2421 1114 2475 possitis.

133 2478 223 2526 Quo
264 2479 329 2520 die
366 2477 555 2521 Siciliam
595 2478 744 2533 attigit
783 2478 959 2532 (videte,
1005 2480 1166 2521 satisne
1204 2483 1382 2535 paratus
1413 2490 1452 2520 19

1412 2250 1431 2290 εκ]
