<?xml version="1.0" encoding="UTF-8"?>
<!DOCTYPE html PUBLIC "-//W3C//DTD XHTML 1.0 Transitional//EN"
    "http://www.w3.org/TR/xhtml1/DTD/xhtml1-transitional.dtd">
<html xmlns="http://www.w3.org/1999/xhtml" xml:lang="en" lang="en">
 <head>
  <title>
</title>
<meta http-equiv="Content-Type" content="text/html;charset=utf-8" />
  <meta name='ocr-system' content='tesseract 3.04.00' />
  <meta name='ocr-capabilities' content='ocr_page ocr_carea ocr_par ocr_line ocrx_word'/>
</head>
<body>
  <div class='ocr_page' id='page_1' title='image "./p1scriptaquaemanse02ciceuoft_0140.png"; bbox 0 0 1685 2574; ppageno 0'>
   <div class='ocr_carea' id='block_1_1' title="bbox 238 46 1265 89">
    <p class='ocr_par' dir='ltr' id='par_1_1' title="bbox 238 46 1265 89">
     <span class='ocr_line' id='line_1_1' title="bbox 238 46 1265 89; baseline 0.006 -13"><span class='ocrx_word' id='word_1_1' title='bbox 238 74 240 76; x_wconf 75' lang='grc'>,</span> <span class='ocrx_word' id='word_1_2' title='bbox 279 50 332 88; x_wconf 76' lang='lat'>26</span> <span class='ocrx_word' id='word_1_3' title='bbox 390 78 394 81; x_wconf 79' lang='grc'>,</span> <span class='ocrx_word' id='word_1_4' title='bbox 630 48 723 83; x_wconf 73' lang='lat' dir='ltr'>pao</span> <span class='ocrx_word' id='word_1_5' title='bbox 751 48 789 83; x_wconf 86' lang='lat' dir='ltr'>P.</span> <span class='ocrx_word' id='word_1_6' title='bbox 819 46 1046 89; x_wconf 72' lang='lat' dir='ltr'>QUINCTIO</span> <span class='ocrx_word' id='word_1_7' title='bbox 1074 47 1265 82; x_wconf 73' lang='lat' dir='ltr'>ORArio.</span> 
     </span>
    </p>
   </div>
   <div class='ocr_carea' id='block_1_2' title="bbox 207 143 1685 2307">
    <p class='ocr_par' dir='ltr' id='par_1_2' title="bbox 208 143 1650 432">
     <span class='ocr_line' id='line_1_2' title="bbox 208 143 1618 197; baseline -0.001 -12"><span class='ocrx_word' id='word_1_8' title='bbox 208 153 252 185; x_wconf 80' lang='grc'>80</span> <span class='ocrx_word' id='word_1_9' title='bbox 278 144 490 185; x_wconf 89' lang='lat' dir='ltr'>ficiuntur.</span> <span class='ocrx_word' id='word_1_10' title='bbox 551 143 587 186; x_wconf 85' lang='lat' dir='ltr'>O</span> <span class='ocrx_word' id='word_1_11' title='bbox 625 158 716 184; x_wconf 88' lang='lat' dir='ltr'>rem</span> <span class='ocrx_word' id='word_1_12' title='bbox 753 143 1065 183; x_wconf 76' lang='lat' dir='ltr'>incredibilem!</span> <span class='ocrx_word' id='word_1_13' title='bbox 1105 158 1128 184; x_wconf 95' lang='lat' dir='ltr'>o</span> <span class='ocrx_word' id='word_1_14' title='bbox 1168 143 1447 197; x_wconf 72' lang='lat' dir='ltr'>cupiditatem</span> <span class='ocrx_word' id='word_1_15' title='bbox 1477 143 1618 185; x_wconf 87' lang='lat' dir='ltr'>incon-</span> 
     </span>
     <span class='ocr_line' id='line_1_3' title="bbox 279 200 1618 244; baseline 0 -1"><span class='ocrx_word' id='word_1_16' title='bbox 279 203 526 244; x_wconf 85' lang='lat' dir='ltr'>sideratam!</span> <span class='ocrx_word' id='word_1_17' title='bbox 567 217 590 243; x_wconf 97' lang='lat' dir='ltr'>o</span> <span class='ocrx_word' id='word_1_18' title='bbox 623 201 822 243; x_wconf 87' lang='lat' dir='ltr'>nuntium</span> <span class='ocrx_word' id='word_1_19' title='bbox 852 201 1086 242; x_wconf 80' lang='lat' dir='ltr'>volucrem!</span> <span class='ocrx_word' id='word_1_20' title='bbox 1130 200 1388 242; x_wconf 87' lang='lat' dir='ltr'>Administri</span> <span class='ocrx_word' id='word_1_21' title='bbox 1420 204 1462 242; x_wconf 88' lang='lat' dir='ltr'>et</span> <span class='ocrx_word' id='word_1_22' title='bbox 1495 203 1618 243; x_wconf 90' lang='lat' dir='ltr'>satel-</span> 
     </span>
     <span class='ocr_line' id='line_1_4' title="bbox 278 259 1618 314; baseline 0.001 -12"><span class='ocrx_word' id='word_1_23' title='bbox 278 262 376 302; x_wconf 90' lang='lat' dir='ltr'>lites</span> <span class='ocrx_word' id='word_1_24' title='bbox 405 260 495 302; x_wconf 79' lang='lat' dir='ltr'>Sex.</span> <span class='ocrx_word' id='word_1_25' title='bbox 517 260 655 301; x_wconf 82' lang='lat' dir='ltr'>Naevi</span> <span class='ocrx_word' id='word_1_26' title='bbox 681 260 820 300; x_wconf 84' lang='lat' dir='ltr'>Roma</span> <span class='ocrx_word' id='word_1_27' title='bbox 844 262 966 300; x_wconf 89' lang='lat' dir='ltr'>trans</span> <span class='ocrx_word' id='word_1_28' title='bbox 987 259 1121 314; x_wconf 86' lang='lat' dir='ltr'>Alpes</span> <span class='ocrx_word' id='word_1_29' title='bbox 1150 259 1195 300; x_wconf 89' lang='lat' dir='ltr'>in</span> <span class='ocrx_word' id='word_1_30' title='bbox 1221 259 1458 314; x_wconf 79' lang='lat' dir='ltr'>Sebaginos</span> <span class='ocrx_word' id='word_1_31' title='bbox 1490 260 1618 303; x_wconf 91' lang='lat' dir='ltr'>biduo</span> 
     </span>
     <span class='ocr_line' id='line_1_5' title="bbox 277 317 1617 372; baseline 0 -11"><span class='ocrx_word' id='word_1_32' title='bbox 277 321 465 361; x_wconf 86' lang='lat' dir='ltr'>veniunt.</span> <span class='ocrx_word' id='word_1_33' title='bbox 504 318 538 360; x_wconf 89' lang='lat' dir='ltr'>O</span> <span class='ocrx_word' id='word_1_34' title='bbox 560 318 779 359; x_wconf 88' lang='lat' dir='ltr'>hominem</span> <span class='ocrx_word' id='word_1_35' title='bbox 798 317 1080 372; x_wconf 83' lang='lat' dir='ltr'>fortunatum,</span> <span class='ocrx_word' id='word_1_36' title='bbox 1106 318 1179 372; x_wconf 89' lang='lat' dir='ltr'>qui</span> <span class='ocrx_word' id='word_1_37' title='bbox 1199 319 1287 360; x_wconf 89' lang='lat' dir='ltr'>eius</span> <span class='ocrx_word' id='word_1_38' title='bbox 1309 318 1424 360; x_wconf 89' lang='lat' dir='ltr'>modi</span> <span class='ocrx_word' id='word_1_39' title='bbox 1444 319 1617 361; x_wconf 86' lang='lat' dir='ltr'>nuntios</span> 
     </span>
     <span class='ocr_line' id='line_1_6' title="bbox 279 376 1650 432; baseline -0.001 -13"><span class='ocrx_word' id='word_1_40' title='bbox 279 393 352 419; x_wconf 90' lang='lat' dir='ltr'>seu</span> <span class='ocrx_word' id='word_1_41' title='bbox 385 378 528 432; x_wconf 89' lang='lat' dir='ltr'>potius</span> <span class='ocrx_word' id='word_1_42' title='bbox 560 377 751 432; x_wconf 79' lang='lat' dir='ltr'>Pegasos</span> <span class='ocrx_word' id='word_1_43' title='bbox 782 376 958 417; x_wconf 80' lang='lat' dir='ltr'>habeat!</span> <span class='ocrx_word' id='word_1_44' title='bbox 1636 391 1650 417; x_wconf 83' lang='lat'>5</span> 
     </span>
    </p>

    <p class='ocr_par' dir='ltr' id='par_1_3' title="bbox 209 434 1678 730">
     <span class='ocr_line' id='line_1_7' title="bbox 209 434 1619 490; baseline -0.003 -10"><span class='ocrx_word' id='word_1_45' title='bbox 209 439 263 480; x_wconf 80' lang='lat'>26</span> <span class='ocrx_word' id='word_1_46' title='bbox 366 437 449 478; x_wconf 72' lang='lat' dir='ltr'>Hic</span> <span class='ocrx_word' id='word_1_47' title='bbox 482 450 580 490; x_wconf 79' lang='lat' dir='ltr'>ego,</span> <span class='ocrx_word' id='word_1_48' title='bbox 613 435 649 476; x_wconf 92' lang='lat' dir='ltr'>si</span> <span class='ocrx_word' id='word_1_49' title='bbox 679 434 824 476; x_wconf 87' lang='lat' dir='ltr'>Crassi</span> <span class='ocrx_word' id='word_1_50' title='bbox 857 450 1002 476; x_wconf 87' lang='lat' dir='ltr'>omnes</span> <span class='ocrx_word' id='word_1_51' title='bbox 1036 450 1132 477; x_wconf 91' lang='lat' dir='ltr'>cum</span> <span class='ocrx_word' id='word_1_52' title='bbox 1164 435 1366 477; x_wconf 90' lang='lat' dir='ltr'>Antoniis</span> <span class='ocrx_word' id='word_1_53' title='bbox 1399 435 1619 490; x_wconf 85' lang='lat' dir='ltr'>exsistant,</span> 
     </span>
     <span class='ocr_line' id='line_1_8' title="bbox 279 493 1678 548; baseline -0.001 -12"><span class='ocrx_word' id='word_1_54' title='bbox 279 496 315 536; x_wconf 85' lang='lat' dir='ltr'>si</span> <span class='ocrx_word' id='word_1_55' title='bbox 341 498 400 545; x_wconf 81' lang='lat' dir='ltr'>tu,</span> <span class='ocrx_word' id='word_1_56' title='bbox 426 494 470 534; x_wconf 92' lang='lat' dir='ltr'>L.</span> <span class='ocrx_word' id='word_1_57' title='bbox 491 493 704 548; x_wconf 87' lang='lat' dir='ltr'>Philippe,</span> <span class='ocrx_word' id='word_1_58' title='bbox 731 493 803 547; x_wconf 91' lang='lat' dir='ltr'>qui</span> <span class='ocrx_word' id='word_1_59' title='bbox 828 493 939 534; x_wconf 85' lang='lat' dir='ltr'>inter</span> <span class='ocrx_word' id='word_1_60' title='bbox 963 494 1063 535; x_wconf 91' lang='lat' dir='ltr'>illos</span> <span class='ocrx_word' id='word_1_61' title='bbox 1090 494 1285 548; x_wconf 88' lang='lat' dir='ltr'>florebas,</span> <span class='ocrx_word' id='word_1_62' title='bbox 1311 494 1422 535; x_wconf 88' lang='lat' dir='ltr'>hanc</span> <span class='ocrx_word' id='word_1_63' title='bbox 1447 508 1618 535; x_wconf 88' lang='lat' dir='ltr'>causam</span> <span class='ocrx_word' id='word_1_64' title='bbox 1676 519 1678 521; x_wconf 60' lang='lat'>&gt;</span> 
     </span>
     <span class='ocr_line' id='line_1_9' title="bbox 279 551 1620 608; baseline -0.001 -14"><span class='ocrx_word' id='word_1_65' title='bbox 279 554 397 594; x_wconf 80' lang='lat' dir='ltr'>voles</span> <span class='ocrx_word' id='word_1_66' title='bbox 436 567 531 593; x_wconf 90' lang='lat' dir='ltr'>cum</span> <span class='ocrx_word' id='word_1_67' title='bbox 564 551 799 593; x_wconf 91' lang='lat' dir='ltr'>Hortensio</span> <span class='ocrx_word' id='word_1_68' title='bbox 838 552 993 606; x_wconf 78' lang='lat' dir='ltr'>dicere,</span> <span class='ocrx_word' id='word_1_69' title='bbox 1030 555 1176 594; x_wconf 87' lang='lat' dir='ltr'>tamen</span> <span class='ocrx_word' id='word_1_70' title='bbox 1214 553 1409 608; x_wconf 78' lang='lat' dir='ltr'>superior</span> <span class='ocrx_word' id='word_1_71' title='bbox 1441 552 1522 593; x_wconf 88' lang='lat' dir='ltr'>sim</span> <span class='ocrx_word' id='word_1_72' title='bbox 1552 567 1620 593; x_wconf 88' lang='lat' dir='ltr'>ne-</span> 
     </span>
     <span class='ocr_line' id='line_1_10' title="bbox 280 610 1620 666; baseline -0.001 -14"><span class='ocrx_word' id='word_1_73' title='bbox 280 625 395 652; x_wconf 88' lang='lat' dir='ltr'>cesse</span> <span class='ocrx_word' id='word_1_74' title='bbox 423 613 505 664; x_wconf 82' lang='lat' dir='ltr'>est3</span> <span class='ocrx_word' id='word_1_75' title='bbox 536 625 623 651; x_wconf 89' lang='lat' dir='ltr'>non</span> <span class='ocrx_word' id='word_1_76' title='bbox 652 610 782 664; x_wconf 88' lang='lat' dir='ltr'>enim,</span> <span class='ocrx_word' id='word_1_77' title='bbox 816 625 941 665; x_wconf 88' lang='lat' dir='ltr'>quem</span> <span class='ocrx_word' id='word_1_78' title='bbox 974 611 1026 652; x_wconf 86' lang='lat' dir='ltr'>ad</span> <span class='ocrx_word' id='word_1_79' title='bbox 1058 611 1231 653; x_wconf 87' lang='lat' dir='ltr'>modum</span> <span class='ocrx_word' id='word_1_80' title='bbox 1262 611 1446 666; x_wconf 89' lang='lat' dir='ltr'>putatis,</span> <span class='ocrx_word' id='word_1_81' title='bbox 1479 610 1620 652; x_wconf 88' lang='lat' dir='ltr'>omnia</span> 
     </span>
     <span class='ocr_line' id='line_1_11' title="bbox 280 669 1677 730; baseline -0.001 -20"><span class='ocrx_word' id='word_1_82' title='bbox 280 672 380 711; x_wconf 88' lang='lat' dir='ltr'>sunt</span> <span class='ocrx_word' id='word_1_83' title='bbox 411 669 455 710; x_wconf 88' lang='lat' dir='ltr'>in</span> <span class='ocrx_word' id='word_1_84' title='bbox 488 669 751 722; x_wconf 83' lang='lat' dir='ltr'>eloquentia3</span> <span class='ocrx_word' id='word_1_85' title='bbox 788 671 853 710; x_wconf 88' lang='lat' dir='ltr'>est</span> <span class='ocrx_word' id='word_1_86' title='bbox 886 670 1094 723; x_wconf 78' lang='lat' dir='ltr'>quaedam</span> <span class='ocrx_word' id='word_1_87' title='bbox 1126 673 1272 711; x_wconf 88' lang='lat' dir='ltr'>tamen</span> <span class='ocrx_word' id='word_1_88' title='bbox 1302 670 1366 711; x_wconf 89' lang='lat' dir='ltr'>ita</span> <span class='ocrx_word' id='word_1_89' title='bbox 1395 669 1620 724; x_wconf 88' lang='lat' dir='ltr'>perspicua</span> <span class='ocrx_word' id='word_1_90' title='bbox 1637 685 1677 730; x_wconf 73' lang='grc' dir='ltr'>ιοΙ</span> 
     </span>
    </p>

    <p class='ocr_par' dir='ltr' id='par_1_4' title="bbox 209 728 1685 1369">
     <span class='ocr_line' id='line_1_12' title="bbox 209 728 1620 783; baseline 0.001 -16"><span class='ocrx_word' id='word_1_91' title='bbox 209 737 249 767; x_wconf 80' lang='grc'>81</span> <span class='ocrx_word' id='word_1_92' title='bbox 278 729 451 782; x_wconf 87' lang='lat' dir='ltr'>veritas,</span> <span class='ocrx_word' id='word_1_93' title='bbox 484 730 532 768; x_wconf 90' lang='lat' dir='ltr'>ut</span> <span class='ocrx_word' id='word_1_94' title='bbox 563 742 656 768; x_wconf 87' lang='lat' dir='ltr'>eam</span> <span class='ocrx_word' id='word_1_95' title='bbox 686 728 904 769; x_wconf 86' lang='lat' dir='ltr'>infirmare</span> <span class='ocrx_word' id='word_1_96' title='bbox 935 729 1056 769; x_wconf 88' lang='lat' dir='ltr'>nulla</span> <span class='ocrx_word' id='word_1_97' title='bbox 1086 743 1154 769; x_wconf 87' lang='lat' dir='ltr'>res</span> <span class='ocrx_word' id='word_1_98' title='bbox 1185 728 1336 783; x_wconf 89' lang='lat' dir='ltr'>possit.</span> <span class='ocrx_word' id='word_1_99' title='bbox 1392 728 1473 782; x_wconf 90' lang='lat' dir='ltr'>An,</span> <span class='ocrx_word' id='word_1_100' title='bbox 1506 730 1620 769; x_wconf 88' lang='lat' dir='ltr'>ante-</span> 
     </span>
     <span class='ocr_line' id='line_1_13' title="bbox 279 786 1620 841; baseline -0.001 -13"><span class='ocrx_word' id='word_1_101' title='bbox 279 802 409 841; x_wconf 81' lang='lat' dir='ltr'>quam</span> <span class='ocrx_word' id='word_1_102' title='bbox 435 786 680 841; x_wconf 89' lang='lat' dir='ltr'>postulasti,</span> <span class='ocrx_word' id='word_1_103' title='bbox 709 789 756 827; x_wconf 88' lang='lat' dir='ltr'>ut</span> <span class='ocrx_word' id='word_1_104' title='bbox 781 787 895 828; x_wconf 91' lang='lat' dir='ltr'>bona</span> <span class='ocrx_word' id='word_1_105' title='bbox 921 787 1174 841; x_wconf 81' lang='lat' dir='ltr'>possideres,</span> <span class='ocrx_word' id='word_1_106' title='bbox 1210 787 1380 840; x_wconf 90' lang='lat' dir='ltr'>misisti,</span> <span class='ocrx_word' id='word_1_107' title='bbox 1407 786 1479 841; x_wconf 87' lang='lat' dir='ltr'>qui</span> <span class='ocrx_word' id='word_1_108' title='bbox 1506 801 1620 837; x_wconf 80' lang='lat' dir='ltr'>cura·</span> 
     </span>
     <span class='ocr_line' id='line_1_14' title="bbox 278 845 1619 899; baseline 0 -13"><span class='ocrx_word' id='word_1_109' title='bbox 278 849 356 899; x_wconf 86' lang='lat' dir='ltr'>ret,</span> <span class='ocrx_word' id='word_1_110' title='bbox 388 848 437 886; x_wconf 93' lang='lat' dir='ltr'>ut</span> <span class='ocrx_word' id='word_1_111' title='bbox 464 845 660 886; x_wconf 88' lang='lat' dir='ltr'>dominus</span> <span class='ocrx_word' id='word_1_112' title='bbox 693 845 743 886; x_wconf 89' lang='lat' dir='ltr'>de</span> <span class='ocrx_word' id='word_1_113' title='bbox 776 860 852 886; x_wconf 89' lang='lat' dir='ltr'>suo</span> <span class='ocrx_word' id='word_1_114' title='bbox 884 845 1016 887; x_wconf 85' lang='lat' dir='ltr'>fundo</span> <span class='ocrx_word' id='word_1_115' title='bbox 1050 861 1075 886; x_wconf 91' lang='lat' dir='ltr'>a</span> <span class='ocrx_word' id='word_1_116' title='bbox 1107 860 1183 886; x_wconf 90' lang='lat' dir='ltr'>sua</span> <span class='ocrx_word' id='word_1_117' title='bbox 1213 845 1381 886; x_wconf 84' lang='lat' dir='ltr'>familia</span> <span class='ocrx_word' id='word_1_118' title='bbox 1412 845 1455 886; x_wconf 86' lang='lat' dir='ltr'>vi</span> <span class='ocrx_word' id='word_1_119' title='bbox 1487 845 1619 886; x_wconf 90' lang='lat' dir='ltr'>deice—</span> 
     </span>
     <span class='ocr_line' id='line_1_15' title="bbox 278 903 1620 959; baseline 0 -15"><span class='ocrx_word' id='word_1_120' title='bbox 278 904 425 945; x_wconf 89' lang='lat' dir='ltr'>retur?</span> <span class='ocrx_word' id='word_1_121' title='bbox 446 903 715 945; x_wconf 85' lang='lat' dir='ltr'>Utrumlibet</span> <span class='ocrx_word' id='word_1_122' title='bbox 731 904 860 959; x_wconf 77' lang='lat' dir='ltr'>elige3</span> <span class='ocrx_word' id='word_1_123' title='bbox 875 904 1060 945; x_wconf 86' lang='lat' dir='ltr'>alterum</span> <span class='ocrx_word' id='word_1_124' title='bbox 1074 904 1322 945; x_wconf 82' lang='lat' dir='ltr'>incredibile</span> <span class='ocrx_word' id='word_1_125' title='bbox 1338 906 1416 958; x_wconf 90' lang='lat' dir='ltr'>est,</span> <span class='ocrx_word' id='word_1_126' title='bbox 1437 904 1620 945; x_wconf 87' lang='lat' dir='ltr'>alterum</span> 
     </span>
     <span class='ocr_line' id='line_1_16' title="bbox 276 962 1666 1017; baseline -0.001 -13"><span class='ocrx_word' id='word_1_127' title='bbox 276 963 507 1016; x_wconf 87' lang='lat' dir='ltr'>nefarium,</span> <span class='ocrx_word' id='word_1_128' title='bbox 549 965 591 1003; x_wconf 88' lang='lat' dir='ltr'>et</span> <span class='ocrx_word' id='word_1_129' title='bbox 632 965 730 1003; x_wconf 87' lang='lat' dir='ltr'>ante</span> <span class='ocrx_word' id='word_1_130' title='bbox 773 962 854 1004; x_wconf 89' lang='lat' dir='ltr'>hoc</span> <span class='ocrx_word' id='word_1_131' title='bbox 895 965 1064 1017; x_wconf 87' lang='lat' dir='ltr'>tempus</span> <span class='ocrx_word' id='word_1_132' title='bbox 1103 966 1331 1017; x_wconf 85' lang='lat' dir='ltr'>utrumque</span> <span class='ocrx_word' id='word_1_133' title='bbox 1368 962 1619 1004; x_wconf 87' lang='lat' dir='ltr'>inauditum.</span> <span class='ocrx_word' id='word_1_134' title='bbox 1638 976 1666 1002; x_wconf 84' lang='lat'>15</span> 
     </span>
     <span class='ocr_line' id='line_1_17' title="bbox 279 1021 1620 1077; baseline 0 -15"><span class='ocrx_word' id='word_1_135' title='bbox 279 1021 562 1077; x_wconf 77' lang='lat' dir='ltr'>Septingenta</span> <span class='ocrx_word' id='word_1_136' title='bbox 605 1021 726 1062; x_wconf 89' lang='lat' dir='ltr'>milia</span> <span class='ocrx_word' id='word_1_137' title='bbox 768 1035 974 1075; x_wconf 83' lang='lat' dir='ltr'>passuum</span> <span class='ocrx_word' id='word_1_138' title='bbox 1015 1021 1078 1062; x_wconf 87' lang='lat' dir='ltr'>vis</span> <span class='ocrx_word' id='word_1_139' title='bbox 1118 1035 1209 1062; x_wconf 91' lang='lat' dir='ltr'>esse</span> <span class='ocrx_word' id='word_1_140' title='bbox 1248 1021 1425 1063; x_wconf 89' lang='lat' dir='ltr'>decursa</span> <span class='ocrx_word' id='word_1_141' title='bbox 1461 1021 1620 1062; x_wconf 84' lang='lat' dir='ltr'>biduo?</span> 
     </span>
     <span class='ocr_line' id='line_1_18' title="bbox 278 1079 1621 1135; baseline -0.001 -14"><span class='ocrx_word' id='word_1_142' title='bbox 278 1081 355 1122; x_wconf 90' lang='lat' dir='ltr'>dic.</span> <span class='ocrx_word' id='word_1_143' title='bbox 387 1079 563 1135; x_wconf 81' lang='lat' dir='ltr'>Negas?</span> <span class='ocrx_word' id='word_1_144' title='bbox 604 1082 702 1121; x_wconf 86' lang='lat' dir='ltr'>ante</span> <span class='ocrx_word' id='word_1_145' title='bbox 737 1080 871 1135; x_wconf 78' lang='lat' dir='ltr'>igitur</span> <span class='ocrx_word' id='word_1_146' title='bbox 903 1079 1073 1120; x_wconf 89' lang='lat' dir='ltr'>misisti.</span> <span class='ocrx_word' id='word_1_147' title='bbox 1128 1079 1264 1134; x_wconf 70' lang='lat' dir='ltr'>Malo,</span> <span class='ocrx_word' id='word_1_148' title='bbox 1302 1080 1339 1121; x_wconf 90' lang='lat' dir='ltr'>si</span> <span class='ocrx_word' id='word_1_149' title='bbox 1371 1079 1483 1121; x_wconf 89' lang='lat' dir='ltr'>enim</span> <span class='ocrx_word' id='word_1_150' title='bbox 1514 1079 1621 1120; x_wconf 87' lang='lat' dir='ltr'>illud</span> 
     </span>
     <span class='ocr_line' id='line_1_19' title="bbox 278 1138 1620 1193; baseline -0.001 -13"><span class='ocrx_word' id='word_1_151' title='bbox 278 1140 456 1193; x_wconf 80' lang='lat' dir='ltr'>dicereS,</span> <span class='ocrx_word' id='word_1_152' title='bbox 487 1139 683 1193; x_wconf 87' lang='lat' dir='ltr'>improbe</span> <span class='ocrx_word' id='word_1_153' title='bbox 709 1138 882 1179; x_wconf 88' lang='lat' dir='ltr'>mentiri</span> <span class='ocrx_word' id='word_1_154' title='bbox 913 1138 1121 1193; x_wconf 66' lang='lat' dir='ltr'>viderere,</span> <span class='ocrx_word' id='word_1_155' title='bbox 1153 1154 1249 1180; x_wconf 89' lang='lat' dir='ltr'>cum</span> <span class='ocrx_word' id='word_1_156' title='bbox 1280 1138 1362 1180; x_wconf 89' lang='lat' dir='ltr'>hoc</span> <span class='ocrx_word' id='word_1_157' title='bbox 1393 1138 1620 1192; x_wconf 82' lang='lat' dir='ltr'>confiteris,</span> 
     </span>
     <span class='ocr_line' id='line_1_20' title="bbox 277 1197 1619 1251; baseline 0 -13"><span class='ocrx_word' id='word_1_158' title='bbox 277 1198 320 1239; x_wconf 87' lang='lat' dir='ltr'>id</span> <span class='ocrx_word' id='word_1_159' title='bbox 358 1201 400 1239; x_wconf 91' lang='lat' dir='ltr'>te</span> <span class='ocrx_word' id='word_1_160' title='bbox 440 1197 664 1239; x_wconf 87' lang='lat' dir='ltr'>admisisse</span> <span class='ocrx_word' id='word_1_161' title='bbox 703 1197 914 1249; x_wconf 77' lang='lat' dir='ltr'>concedis,</span> <span class='ocrx_word' id='word_1_162' title='bbox 953 1197 1065 1250; x_wconf 87' lang='lat' dir='ltr'>quod</span> <span class='ocrx_word' id='word_1_163' title='bbox 1102 1212 1154 1238; x_wconf 90' lang='lat' dir='ltr'>ne</span> <span class='ocrx_word' id='word_1_164' title='bbox 1194 1197 1414 1238; x_wconf 90' lang='lat' dir='ltr'>mendacio</span> <span class='ocrx_word' id='word_1_165' title='bbox 1451 1197 1619 1251; x_wconf 89' lang='lat' dir='ltr'>quidem</span> 
     </span>
     <span class='ocr_line' id='line_1_21' title="bbox 277 1255 1685 1312; baseline -0.001 -15"><span class='ocrx_word' id='word_1_166' title='bbox 277 1260 424 1312; x_wconf 79' lang='lat' dir='ltr'>tegere</span> <span class='ocrx_word' id='word_1_167' title='bbox 456 1256 609 1310; x_wconf 89' lang='lat' dir='ltr'>possis.</span> <span class='ocrx_word' id='word_1_168' title='bbox 665 1255 760 1297; x_wconf 90' lang='lat' dir='ltr'>Hoc</span> <span class='ocrx_word' id='word_1_169' title='bbox 792 1255 1019 1296; x_wconf 86' lang='lat' dir='ltr'>consilium</span> <span class='ocrx_word' id='word_1_170' title='bbox 1038 1255 1214 1310; x_wconf 84' lang='lat' dir='ltr'>Aquilio</span> <span class='ocrx_word' id='word_1_171' title='bbox 1248 1259 1291 1297; x_wconf 86' lang='lat' dir='ltr'>et</span> <span class='ocrx_word' id='word_1_172' title='bbox 1322 1256 1484 1297; x_wconf 88' lang='lat' dir='ltr'>talibus</span> <span class='ocrx_word' id='word_1_173' title='bbox 1516 1255 1618 1297; x_wconf 83' lang='lat' dir='ltr'>viris</span> <span class='ocrx_word' id='word_1_174' title='bbox 1636 1269 1685 1294; x_wconf 72' lang='lat'>202</span> 
     </span>
     <span class='ocr_line' id='line_1_22' title="bbox 278 1314 1619 1369; baseline 0 -13"><span class='ocrx_word' id='word_1_175' title='bbox 278 1319 369 1356; x_wconf 84' lang='lat' dir='ltr'>tam</span> <span class='ocrx_word' id='word_1_176' title='bbox 391 1315 603 1369; x_wconf 88' lang='lat' dir='ltr'>cupidum,</span> <span class='ocrx_word' id='word_1_177' title='bbox 629 1317 719 1355; x_wconf 90' lang='lat' dir='ltr'>tam</span> <span class='ocrx_word' id='word_1_178' title='bbox 744 1314 892 1367; x_wconf 79' lang='lat' dir='ltr'>audax,</span> <span class='ocrx_word' id='word_1_179' title='bbox 919 1317 1008 1355; x_wconf 90' lang='lat' dir='ltr'>tam</span> <span class='ocrx_word' id='word_1_180' title='bbox 1035 1315 1311 1355; x_wconf 86' lang='lat' dir='ltr'>temerarium</span> <span class='ocrx_word' id='word_1_181' title='bbox 1337 1314 1619 1369; x_wconf 74' lang='lat' dir='ltr'>probabitur?</span> 
     </span>
    </p>

    <p class='ocr_par' dir='ltr' id='par_1_5' title="bbox 209 1372 1685 2014">
     <span class='ocr_line' id='line_1_23' title="bbox 209 1372 1620 1427; baseline 0.002 -16"><span class='ocrx_word' id='word_1_182' title='bbox 209 1380 251 1411; x_wconf 76' lang='lat'>82</span> <span class='ocrx_word' id='word_1_183' title='bbox 279 1373 389 1422; x_wconf 82' lang='lat' dir='ltr'>Quid</span> <span class='ocrx_word' id='word_1_184' title='bbox 426 1374 531 1414; x_wconf 89' lang='lat' dir='ltr'>haec</span> <span class='ocrx_word' id='word_1_185' title='bbox 570 1372 775 1426; x_wconf 87' lang='lat' dir='ltr'>amentia,</span> <span class='ocrx_word' id='word_1_186' title='bbox 821 1372 921 1426; x_wconf 87' lang='lat' dir='ltr'>quid</span> <span class='ocrx_word' id='word_1_187' title='bbox 958 1373 1062 1414; x_wconf 88' lang='lat' dir='ltr'>haec</span> <span class='ocrx_word' id='word_1_188' title='bbox 1099 1373 1340 1427; x_wconf 79' lang='lat' dir='ltr'>festinatio,</span> <span class='ocrx_word' id='word_1_189' title='bbox 1379 1373 1481 1427; x_wconf 87' lang='lat' dir='ltr'>quid</span> <span class='ocrx_word' id='word_1_190' title='bbox 1516 1373 1620 1414; x_wconf 86' lang='lat' dir='ltr'>haec</span> 
     </span>
     <span class='ocr_line' id='line_1_24' title="bbox 277 1431 1620 1486; baseline -0.001 -12"><span class='ocrx_word' id='word_1_191' title='bbox 277 1432 569 1474; x_wconf 82' lang='lat' dir='ltr'>immaturitas</span> <span class='ocrx_word' id='word_1_192' title='bbox 614 1433 738 1472; x_wconf 89' lang='lat' dir='ltr'>tanta</span> <span class='ocrx_word' id='word_1_193' title='bbox 783 1431 1026 1486; x_wconf 78' lang='lat' dir='ltr'>significat?</span> <span class='ocrx_word' id='word_1_194' title='bbox 1070 1446 1156 1472; x_wconf 87' lang='lat' dir='ltr'>non</span> <span class='ocrx_word' id='word_1_195' title='bbox 1196 1432 1301 1486; x_wconf 86' lang='lat' dir='ltr'>vim,</span> <span class='ocrx_word' id='word_1_196' title='bbox 1343 1446 1431 1473; x_wconf 88' lang='lat' dir='ltr'>non</span> <span class='ocrx_word' id='word_1_197' title='bbox 1473 1432 1620 1485; x_wconf 88' lang='lat' dir='ltr'>scelus,</span> 
     </span>
     <span class='ocr_line' id='line_1_25' title="bbox 276 1489 1619 1545; baseline -0.001 -13"><span class='ocrx_word' id='word_1_198' title='bbox 276 1506 364 1533; x_wconf 87' lang='grc'>11011</span> <span class='ocrx_word' id='word_1_199' title='bbox 410 1490 705 1543; x_wconf 80' lang='lat' dir='ltr'>latrocinium,</span> <span class='ocrx_word' id='word_1_200' title='bbox 752 1504 840 1531; x_wconf 89' lang='lat' dir='ltr'>non</span> <span class='ocrx_word' id='word_1_201' title='bbox 887 1489 1066 1544; x_wconf 83' lang='lat' dir='ltr'>denique</span> <span class='ocrx_word' id='word_1_202' title='bbox 1113 1491 1257 1532; x_wconf 87' lang='lat' dir='ltr'>omnia</span> <span class='ocrx_word' id='word_1_203' title='bbox 1303 1490 1447 1545; x_wconf 90' lang='lat' dir='ltr'>potius</span> <span class='ocrx_word' id='word_1_204' title='bbox 1493 1504 1619 1544; x_wconf 88' lang='lat' dir='ltr'>quam</span> 
     </span>
     <span class='ocr_line' id='line_1_26' title="bbox 276 1548 1685 1604; baseline -0.002 -13"><span class='ocrx_word' id='word_1_205' title='bbox 276 1550 361 1604; x_wconf 82' lang='lat' dir='ltr'>ius,</span> <span class='ocrx_word' id='word_1_206' title='bbox 401 1564 529 1603; x_wconf 86' lang='lat' dir='ltr'>quam</span> <span class='ocrx_word' id='word_1_207' title='bbox 575 1549 781 1601; x_wconf 86' lang='lat' dir='ltr'>officium,</span> <span class='ocrx_word' id='word_1_208' title='bbox 826 1563 954 1602; x_wconf 84' lang='lat' dir='ltr'>quam</span> <span class='ocrx_word' id='word_1_209' title='bbox 994 1548 1228 1603; x_wconf 82' lang='lat' dir='ltr'>pudorem?</span> <span class='ocrx_word' id='word_1_210' title='bbox 1278 1549 1417 1590; x_wconf 90' lang='lat' dir='ltr'>Mittis</span> <span class='ocrx_word' id='word_1_211' title='bbox 1455 1549 1619 1590; x_wconf 90' lang='lat' dir='ltr'>iniussu</span> <span class='ocrx_word' id='word_1_212' title='bbox 1635 1560 1685 1602; x_wconf 50' lang='lat'>25*¹</span> 
     </span>
     <span class='ocr_line' id='line_1_27' title="bbox 277 1606 1685 1663; baseline -0.001 -14"><span class='ocrx_word' id='word_1_213' title='bbox 277 1608 501 1663; x_wconf 87' lang='lat' dir='ltr'>praetoris.</span> <span class='ocrx_word' id='word_1_214' title='bbox 571 1606 662 1655; x_wconf 87' lang='lat' dir='ltr'>Quo</span> <span class='ocrx_word' id='word_1_215' title='bbox 707 1607 915 1648; x_wconf 87' lang='lat' dir='ltr'>consilio?</span> <span class='ocrx_word' id='word_1_216' title='bbox 976 1606 1198 1648; x_wconf 88' lang='lat' dir='ltr'>Iussurum</span> <span class='ocrx_word' id='word_1_217' title='bbox 1244 1608 1419 1649; x_wconf 85' lang='lat' dir='ltr'>sciebas.</span> <span class='ocrx_word' id='word_1_218' title='bbox 1483 1607 1618 1655; x_wconf 88' lang='lat' dir='ltr'>Quid?</span> <span class='ocrx_word' id='word_1_219' title='bbox 1684 1610 1685 1623; x_wconf 67' lang='lat'>¹</span> 
     </span>
     <span class='ocr_line' id='line_1_28' title="bbox 279 1665 1619 1720; baseline -0.001 -12"><span class='ocrx_word' id='word_1_220' title='bbox 279 1682 373 1708; x_wconf 87' lang='lat' dir='ltr'>cum</span> <span class='ocrx_word' id='word_1_221' title='bbox 413 1666 628 1718; x_wconf 88' lang='lat' dir='ltr'>iussisset,</span> <span class='ocrx_word' id='word_1_222' title='bbox 666 1668 758 1706; x_wconf 90' lang='lat' dir='ltr'>tum</span> <span class='ocrx_word' id='word_1_223' title='bbox 798 1665 968 1706; x_wconf 88' lang='lat' dir='ltr'>mittere</span> <span class='ocrx_word' id='word_1_224' title='bbox 999 1680 1139 1707; x_wconf 88' lang='lat' dir='ltr'>nonne</span> <span class='ocrx_word' id='word_1_225' title='bbox 1171 1667 1374 1720; x_wconf 86' lang='lat' dir='ltr'>poteras?</span> <span class='ocrx_word' id='word_1_226' title='bbox 1425 1666 1619 1707; x_wconf 83' lang='lat' dir='ltr'>Postula-</span> 
     </span>
     <span class='ocr_line' id='line_1_29' title="bbox 277 1723 1669 1779; baseline 0 -13"><span class='ocrx_word' id='word_1_227' title='bbox 277 1728 399 1766; x_wconf 88' lang='lat' dir='ltr'>turus</span> <span class='ocrx_word' id='word_1_228' title='bbox 441 1739 546 1765; x_wconf 88' lang='lat' dir='ltr'>eras.</span> <span class='ocrx_word' id='word_1_229' title='bbox 610 1723 817 1772; x_wconf 83' lang='lat' dir='ltr'>Quando?</span> <span class='ocrx_word' id='word_1_230' title='bbox 862 1724 966 1765; x_wconf 86' lang='lat' dir='ltr'>Post</span> <span class='ocrx_word' id='word_1_231' title='bbox 1005 1724 1092 1765; x_wconf 79' lang='lat' dir='ltr'>(lies</span> <span class='ocrx_word' id='word_1_232' title='bbox 1130 1737 1240 1767; x_wconf 89' lang='lat' dir='ltr'>XXX.</span> <span class='ocrx_word' id='word_1_233' title='bbox 1301 1724 1466 1779; x_wconf 85' lang='lat' dir='ltr'>Nempe</span> <span class='ocrx_word' id='word_1_234' title='bbox 1506 1725 1541 1766; x_wconf 90' lang='lat' dir='ltr'>si</span> <span class='ocrx_word' id='word_1_235' title='bbox 1577 1727 1618 1766; x_wconf 88' lang='lat' dir='ltr'>te</span> <span class='ocrx_word' id='word_1_236' title='bbox 1666 1749 1669 1770; x_wconf 56' lang='lat'>÷</span> 
     </span>
     <span class='ocr_line' id='line_1_30' title="bbox 276 1782 1618 1838; baseline 0 -14"><span class='ocrx_word' id='word_1_237' title='bbox 276 1784 386 1825; x_wconf 85' lang='lat' dir='ltr'>nihil</span> <span class='ocrx_word' id='word_1_238' title='bbox 412 1783 652 1838; x_wconf 86' lang='lat' dir='ltr'>impediret,</span> <span class='ocrx_word' id='word_1_239' title='bbox 683 1783 719 1823; x_wconf 91' lang='lat' dir='ltr'>si</span> <span class='ocrx_word' id='word_1_240' title='bbox 744 1782 945 1823; x_wconf 89' lang='lat' dir='ltr'>voluntas</span> <span class='ocrx_word' id='word_1_241' title='bbox 973 1783 1119 1824; x_wconf 87' lang='lat' dir='ltr'>eadem</span> <span class='ocrx_word' id='word_1_242' title='bbox 1147 1786 1352 1838; x_wconf 90' lang='lat' dir='ltr'>maneret,</span> <span class='ocrx_word' id='word_1_243' title='bbox 1383 1784 1419 1824; x_wconf 92' lang='lat' dir='ltr'>si</span> <span class='ocrx_word' id='word_1_244' title='bbox 1445 1784 1618 1837; x_wconf 85' lang='lat' dir='ltr'>valeres,</span> 
     </span>
     <span class='ocr_line' id='line_1_31' title="bbox 279 1840 1660 1897; baseline 0.001 -14"><span class='ocrx_word' id='word_1_245' title='bbox 279 1843 460 1896; x_wconf 86' lang='lat' dir='ltr'>denique</span> <span class='ocrx_word' id='word_1_246' title='bbox 487 1842 523 1883; x_wconf 91' lang='lat' dir='ltr'>si</span> <span class='ocrx_word' id='word_1_247' title='bbox 549 1842 724 1882; x_wconf 83' lang='lat' dir='ltr'>viveres.</span> <span class='ocrx_word' id='word_1_248' title='bbox 781 1840 962 1882; x_wconf 86' lang='lat' dir='ltr'>Praetor</span> <span class='ocrx_word' id='word_1_249' title='bbox 988 1842 1151 1883; x_wconf 90' lang='lat' dir='ltr'>scilicet</span> <span class='ocrx_word' id='word_1_250' title='bbox 1182 1842 1391 1884; x_wconf 85' lang='lat' dir='ltr'>iussisset.</span> <span class='ocrx_word' id='word_1_251' title='bbox 1447 1841 1660 1897; x_wconf 74' lang='lat' dir='ltr'>opium-‚³0</span> 
     </span>
     <span class='ocr_line' id='line_1_32' title="bbox 279 1900 1616 1954; baseline -0.001 -12"><span class='ocrx_word' id='word_1_252' title='bbox 279 1901 314 1942; x_wconf 93' lang='lat' dir='ltr'>si</span> <span class='ocrx_word' id='word_1_253' title='bbox 346 1901 489 1953; x_wconf 86' lang='lat' dir='ltr'>vellet,</span> <span class='ocrx_word' id='word_1_254' title='bbox 524 1901 559 1941; x_wconf 92' lang='lat' dir='ltr'>si</span> <span class='ocrx_word' id='word_1_255' title='bbox 591 1901 764 1952; x_wconf 85' lang='lat' dir='ltr'>valeret,</span> <span class='ocrx_word' id='word_1_256' title='bbox 797 1900 833 1940; x_wconf 90' lang='lat' dir='ltr'>si</span> <span class='ocrx_word' id='word_1_257' title='bbox 864 1900 929 1940; x_wconf 91' lang='lat' dir='ltr'>ius</span> <span class='ocrx_word' id='word_1_258' title='bbox 963 1900 1133 1954; x_wconf 84' lang='lat' dir='ltr'>diceret,</span> <span class='ocrx_word' id='word_1_259' title='bbox 1167 1901 1202 1941; x_wconf 91' lang='lat' dir='ltr'>si</span> <span class='ocrx_word' id='word_1_260' title='bbox 1234 1915 1359 1942; x_wconf 88' lang='lat' dir='ltr'>nemo</span> <span class='ocrx_word' id='word_1_261' title='bbox 1392 1903 1616 1954; x_wconf 88' lang='lat' dir='ltr'>recusaret,</span> 
     </span>
     <span class='ocr_line' id='line_1_33' title="bbox 279 1959 1666 2014; baseline -0.001 -13"><span class='ocrx_word' id='word_1_262' title='bbox 279 1961 351 2014; x_wconf 87' lang='lat' dir='ltr'>qui</span> <span class='ocrx_word' id='word_1_263' title='bbox 391 1974 440 2000; x_wconf 80' lang='lat' dir='ltr'>ex</span> <span class='ocrx_word' id='word_1_264' title='bbox 472 1959 607 2013; x_wconf 84' lang='lat' dir='ltr'>ipsius</span> <span class='ocrx_word' id='word_1_265' title='bbox 641 1959 808 2000; x_wconf 89' lang='lat' dir='ltr'>decreto</span> <span class='ocrx_word' id='word_1_266' title='bbox 842 1961 884 1999; x_wconf 92' lang='lat' dir='ltr'>et</span> <span class='ocrx_word' id='word_1_267' title='bbox 917 1959 1022 2000; x_wconf 90' lang='lat' dir='ltr'>satis</span> <span class='ocrx_word' id='word_1_268' title='bbox 1056 1959 1176 2000; x_wconf 90' lang='lat' dir='ltr'>daret</span> <span class='ocrx_word' id='word_1_269' title='bbox 1209 1961 1252 2000; x_wconf 92' lang='lat' dir='ltr'>et</span> <span class='ocrx_word' id='word_1_270' title='bbox 1282 1959 1484 2001; x_wconf 88' lang='lat' dir='ltr'>iudicium</span> <span class='ocrx_word' id='word_1_271' title='bbox 1518 1959 1617 2001; x_wconf 87' lang='lat' dir='ltr'>acci·</span> <span class='ocrx_word' id='word_1_272' title='bbox 1664 1961 1666 1984; x_wconf 72' lang='lat'><strong><em>⁵</em></strong></span> 
     </span>
    </p>

    <p class='ocr_par' dir='ltr' id='par_1_6' title="bbox 207 2016 1665 2311">
     <span class='ocr_line' id='line_1_34' title="bbox 207 2016 1665 2073; baseline -0.001 -12"><span class='ocrx_word' id='word_1_273' title='bbox 207 2032 249 2062; x_wconf 70' lang='lat'>83</span> <span class='ocrx_word' id='word_1_274' title='bbox 277 2033 376 2073; x_wconf 87' lang='lat' dir='ltr'>pere</span> <span class='ocrx_word' id='word_1_275' title='bbox 414 2018 557 2059; x_wconf 85' lang='lat' dir='ltr'>vellet.</span> <span class='ocrx_word' id='word_1_276' title='bbox 619 2016 750 2070; x_wconf 89' lang='lat' dir='ltr'>Nam,</span> <span class='ocrx_word' id='word_1_277' title='bbox 789 2032 864 2070; x_wconf 88' lang='lat' dir='ltr'>per</span> <span class='ocrx_word' id='word_1_278' title='bbox 903 2017 1002 2058; x_wconf 90' lang='lat' dir='ltr'>deos</span> <span class='ocrx_word' id='word_1_279' title='bbox 1040 2018 1326 2059; x_wconf 81' lang='lat' dir='ltr'>immortales!</span> <span class='ocrx_word' id='word_1_280' title='bbox 1372 2018 1408 2058; x_wconf 92' lang='lat' dir='ltr'>si</span> <span class='ocrx_word' id='word_1_281' title='bbox 1440 2018 1616 2059; x_wconf 80' lang='lat' dir='ltr'>Alfenus</span> <span class='ocrx_word' id='word_1_282' title='bbox 1664 2049 1665 2063; x_wconf 62' lang='grc'>,</span> 
     </span>
     <span class='ocr_line' id='line_1_35' title="bbox 275 2075 1665 2132; baseline -0.001 -14"><span class='ocrx_word' id='word_1_283' title='bbox 275 2079 530 2132; x_wconf 86' lang='lat' dir='ltr'>procurator</span> <span class='ocrx_word' id='word_1_284' title='bbox 555 2076 601 2117; x_wconf 90' lang='lat' dir='ltr'>P.</span> <span class='ocrx_word' id='word_1_285' title='bbox 623 2075 794 2124; x_wconf 82' lang='lat' dir='ltr'>Quincti</span> <span class='ocrx_word' id='word_1_286' title='bbox 819 2076 900 2117; x_wconf 91' lang='lat' dir='ltr'>tibi</span> <span class='ocrx_word' id='word_1_287' title='bbox 927 2079 1020 2117; x_wconf 92' lang='lat' dir='ltr'>tum</span> <span class='ocrx_word' id='word_1_288' title='bbox 1052 2077 1157 2117; x_wconf 86' lang='lat' dir='ltr'>satis</span> <span class='ocrx_word' id='word_1_289' title='bbox 1191 2077 1312 2118; x_wconf 87' lang='lat' dir='ltr'>daret</span> <span class='ocrx_word' id='word_1_290' title='bbox 1345 2079 1386 2117; x_wconf 93' lang='lat' dir='ltr'>et</span> <span class='ocrx_word' id='word_1_291' title='bbox 1418 2076 1617 2118; x_wconf 85' lang='lat' dir='ltr'>iudicium</span> <span class='ocrx_word' id='word_1_292' title='bbox 1663 2117 1665 2131; x_wconf 19' lang='grc' dir='ltr'>ἶ</span> 
     </span>
     <span class='ocr_line' id='line_1_36' title="bbox 277 2135 1658 2190; baseline -0.001 -13"><span class='ocrx_word' id='word_1_293' title='bbox 277 2137 466 2190; x_wconf 79' lang='lat' dir='ltr'>accipere</span> <span class='ocrx_word' id='word_1_294' title='bbox 494 2135 636 2185; x_wconf 83' lang='lat' dir='ltr'>vellet,</span> <span class='ocrx_word' id='word_1_295' title='bbox 665 2135 843 2188; x_wconf 88' lang='lat' dir='ltr'>denique</span> <span class='ocrx_word' id='word_1_296' title='bbox 871 2135 1025 2188; x_wconf 85' lang='lat' dir='ltr'>omnia,</span> <span class='ocrx_word' id='word_1_297' title='bbox 1059 2149 1165 2189; x_wconf 85' lang='lat' dir='ltr'>quae</span> <span class='ocrx_word' id='word_1_298' title='bbox 1191 2136 1448 2189; x_wconf 86' lang='lat' dir='ltr'>postulares,</span> <span class='ocrx_word' id='word_1_299' title='bbox 1479 2135 1615 2176; x_wconf 84' lang='lat' dir='ltr'>facere</span> <span class='ocrx_word' id='word_1_300' title='bbox 1633 2144 1658 2171; x_wconf 78' lang='lat'>35</span> 
     </span>
     <span class='ocr_line' id='line_1_37' title="bbox 276 2193 1663 2248; baseline 0 -14"><span class='ocrx_word' id='word_1_301' title='bbox 276 2195 496 2247; x_wconf 85' lang='lat' dir='ltr'>voluisset,</span> <span class='ocrx_word' id='word_1_302' title='bbox 524 2194 624 2248; x_wconf 87' lang='lat' dir='ltr'>quid</span> <span class='ocrx_word' id='word_1_303' title='bbox 645 2194 822 2247; x_wconf 77' lang='lat' dir='ltr'>ageres?</span> <span class='ocrx_word' id='word_1_304' title='bbox 850 2207 1070 2235; x_wconf 86' lang='lat' dir='ltr'>revocares</span> <span class='ocrx_word' id='word_1_305' title='bbox 1093 2208 1199 2247; x_wconf 87' lang='lat' dir='ltr'>eum,</span> <span class='ocrx_word' id='word_1_306' title='bbox 1220 2208 1346 2248; x_wconf 87' lang='lat' dir='ltr'>quem</span> <span class='ocrx_word' id='word_1_307' title='bbox 1366 2194 1411 2234; x_wconf 90' lang='lat' dir='ltr'>in</span> <span class='ocrx_word' id='word_1_308' title='bbox 1432 2193 1616 2235; x_wconf 85' lang='lat' dir='ltr'>Galliam</span> <span class='ocrx_word' id='word_1_309' title='bbox 1662 2211 1663 2247; x_wconf 62' lang='grc'>1</span> 
     </span>
     <span class='ocr_line' id='line_1_38' title="bbox 277 2251 1663 2307; baseline 0.001 -15"><span class='ocrx_word' id='word_1_310' title='bbox 277 2253 485 2294; x_wconf 85' lang='lat' dir='ltr'>miseras?</span> <span class='ocrx_word' id='word_1_311' title='bbox 536 2253 597 2293; x_wconf 89' lang='lat' dir='ltr'>At</span> <span class='ocrx_word' id='word_1_312' title='bbox 623 2252 692 2294; x_wconf 86' lang='lat' dir='ltr'>hic</span> <span class='ocrx_word' id='word_1_313' title='bbox 720 2252 889 2306; x_wconf 84' lang='lat' dir='ltr'>quidem</span> <span class='ocrx_word' id='word_1_314' title='bbox 921 2252 1008 2292; x_wconf 86' lang='lat' dir='ltr'>iam</span> <span class='ocrx_word' id='word_1_315' title='bbox 1041 2252 1090 2293; x_wconf 89' lang='lat' dir='ltr'>de</span> <span class='ocrx_word' id='word_1_316' title='bbox 1122 2251 1251 2293; x_wconf 81' lang='lat' dir='ltr'>fundo</span> <span class='ocrx_word' id='word_1_317' title='bbox 1286 2252 1500 2307; x_wconf 83' lang='lat' dir='ltr'>expulsus,</span> <span class='ocrx_word' id='word_1_318' title='bbox 1531 2252 1615 2294; x_wconf 85' lang='lat' dir='ltr'>iam</span> <span class='ocrx_word' id='word_1_319' title='bbox 1661 2253 1663 2295; x_wconf 63' lang='lat' dir='ltr'>l</span> 
     </span>
    </p>
   </div>
   <div class='ocr_carea' id='block_1_3' title="bbox 1664 82 1682 2207">
    <p class='ocr_par' dir='ltr' id='par_1_7' title="bbox 1664 82 1682 2207">
     <span class='ocr_line' id='line_1_39' title="bbox 1664 82 1682 2207; baseline 0 0"><span class='ocrx_word' id='word_1_320' title='bbox 1664 82 1682 2207; x_wconf 95' lang='lat' dir='ltr'> </span> 
     </span>
    </p>
   </div>
   <div class='ocr_carea' id='block_1_4' title="bbox 467 2331 1685 2574">
    <p class='ocr_par' dir='ltr' id='par_1_8' title="bbox 467 2331 1685 2574">
     <span class='ocr_line' id='line_1_40' title="bbox 467 2331 1685 2574; baseline 0 0"><span class='ocrx_word' id='word_1_321' title='bbox 467 2331 1685 2574; x_wconf 95' lang='lat' dir='ltr'> </span> 
     </span>
    </p>
   </div>
  </div>
 </body>
</html>
