<?xml version="1.0" encoding="UTF-8"?>
<!DOCTYPE html PUBLIC "-//W3C//DTD XHTML 1.0 Transitional//EN"
    "http://www.w3.org/TR/xhtml1/DTD/xhtml1-transitional.dtd">
<html xmlns="http://www.w3.org/1999/xhtml" xml:lang="en" lang="en">
 <head>
  <title>
</title>
<meta http-equiv="Content-Type" content="text/html;charset=utf-8" />
  <meta name='ocr-system' content='tesseract 3.04.00' />
  <meta name='ocr-capabilities' content='ocr_page ocr_carea ocr_par ocr_line ocrx_word'/>
</head>
<body>
  <div class='ocr_page' id='page_1' title='image "./p1scriptaquaemanse02ciceuoft_0258.png"; bbox 0 0 1618 2584; ppageno 0'>
   <div class='ocr_carea' id='block_1_1' title="bbox 118 484 160 515">
    <p class='ocr_par' dir='ltr' id='par_1_1' title="bbox 118 484 160 515">
     <span class='ocr_line' id='line_1_1' title="bbox 118 484 160 515; baseline 0.024 -1"><span class='ocrx_word' id='word_1_1' title='bbox 118 484 160 515; x_wconf 82' lang='lat'>10</span> 
     </span>
    </p>
   </div>
   <div class='ocr_carea' id='block_1_2' title="bbox 122 1188 157 1217">
    <p class='ocr_par' dir='ltr' id='par_1_2' title="bbox 122 1188 157 1217">
     <span class='ocr_line' id='line_1_2' title="bbox 122 1188 157 1217; baseline -0.029 0"><span class='ocrx_word' id='word_1_2' title='bbox 122 1188 157 1217; x_wconf 80' lang='lat'>11</span> 
     </span>
    </p>
   </div>
   <div class='ocr_carea' id='block_1_3' title="bbox 135 1983 161 2023">
    <p class='ocr_par' dir='ltr' id='par_1_3' title="bbox 135 1983 161 2023">
     <span class='ocr_line' id='line_1_3' title="bbox 135 1983 161 2023; baseline 0 0"><span class='ocrx_word' id='word_1_3' title='bbox 135 1983 161 2023; x_wconf 79' lang='lat'>5</span> 
     </span>
    </p>
   </div>
   <div class='ocr_carea' id='block_1_4' title="bbox 122 2034 160 2063">
    <p class='ocr_par' dir='ltr' id='par_1_4' title="bbox 122 2034 160 2063">
     <span class='ocr_line' id='line_1_4' title="bbox 122 2034 160 2063; baseline 0 0"><span class='ocrx_word' id='word_1_4' title='bbox 122 2034 160 2063; x_wconf 70' lang='lat'>1⁶2</span> 
     </span>
    </p>
   </div>
   <div class='ocr_carea' id='block_1_5' title="bbox 184 26 1618 2286">
    <p class='ocr_par' dir='ltr' id='par_1_5' title="bbox 184 23 1618 2227">
     <span class='ocr_line' id='line_1_5' title="bbox 186 26 1568 80; baseline -0.007 -11"><span class='ocrx_word' id='word_1_5' title='bbox 186 30 270 69; x_wconf 81' lang='lat'>144</span> <span class='ocrx_word' id='word_1_6' title='bbox 584 28 634 62; x_wconf 88' lang='lat' dir='ltr'>IN</span> <span class='ocrx_word' id='word_1_7' title='bbox 662 26 698 62; x_wconf 87' lang='lat' dir='ltr'>C.</span> <span class='ocrx_word' id='word_1_8' title='bbox 719 27 923 61; x_wconf 66' lang='lat' dir='ltr'>VERREM</span> <span class='ocrx_word' id='word_1_9' title='bbox 948 27 1051 61; x_wconf 86' lang='lat' dir='ltr'>ACT.</span> <span class='ocrx_word' id='word_1_10' title='bbox 1078 27 1120 61; x_wconf 84' lang='lat' dir='ltr'>H.</span> <span class='ocrx_word' id='word_1_11' title='bbox 1566 43 1568 80; x_wconf 44' lang='lat'><em>3</em></span> 
     </span>
     <span class='ocr_line' id='line_1_6' title="bbox 1566 81 1568 103; baseline 0 0"><span class='ocrx_word' id='word_1_12' title='bbox 1566 81 1568 103; x_wconf 68' lang='lat' dir='ltr'>l</span> 
     </span>
     <span class='ocr_line' id='line_1_7' title="bbox 184 106 1618 178; baseline -0.002 -12"><span class='ocrx_word' id='word_1_13' title='bbox 184 125 310 166; x_wconf 88' lang='lat' dir='ltr'>unius</span> <span class='ocrx_word' id='word_1_14' title='bbox 349 124 555 178; x_wconf 84' lang='lat' dir='ltr'>supplicio</span> <span class='ocrx_word' id='word_1_15' title='bbox 595 125 820 164; x_wconf 81' lang='lat' dir='ltr'>contentus</span> <span class='ocrx_word' id='word_1_16' title='bbox 858 121 988 162; x_wconf 85' lang='lat' dir='ltr'>fuerit</span> <span class='ocrx_word' id='word_1_17' title='bbox 1023 137 1071 163; x_wconf 86' lang='lat' dir='ltr'>ac</span> <span class='ocrx_word' id='word_1_18' title='bbox 1101 137 1187 164; x_wconf 92' lang='lat' dir='ltr'>non</span> <span class='ocrx_word' id='word_1_19' title='bbox 1218 123 1279 164; x_wconf 88' lang='lat' dir='ltr'>sic</span> <span class='ocrx_word' id='word_1_20' title='bbox 1312 123 1524 176; x_wconf 86' lang='lat' dir='ltr'>statuerit,</span> <span class='ocrx_word' id='word_1_21' title='bbox 1566 106 1580 177; x_wconf 19' lang='lat'>*5*</span> <span class='ocrx_word' id='word_1_22' title='bbox 1616 116 1618 131; x_wconf 75' lang='lat'><em>³</em></span> 
     </span>
     <span class='ocr_line' id='line_1_8' title="bbox 184 179 1575 234; baseline -0.001 -10"><span class='ocrx_word' id='word_1_23' title='bbox 184 198 271 224; x_wconf 89' lang='lat' dir='ltr'>non</span> <span class='ocrx_word' id='word_1_24' title='bbox 298 183 431 223; x_wconf 87' lang='lat' dir='ltr'>istum</span> <span class='ocrx_word' id='word_1_25' title='bbox 464 182 601 222; x_wconf 88' lang='lat' dir='ltr'>maius</span> <span class='ocrx_word' id='word_1_26' title='bbox 633 183 677 221; x_wconf 89' lang='lat' dir='ltr'>in</span> <span class='ocrx_word' id='word_1_27' title='bbox 710 194 800 220; x_wconf 89' lang='lat' dir='ltr'>sese</span> <span class='ocrx_word' id='word_1_28' title='bbox 833 179 971 221; x_wconf 83' lang='lat' dir='ltr'>scelus</span> <span class='ocrx_word' id='word_1_29' title='bbox 1005 181 1263 234; x_wconf 80' lang='lat' dir='ltr'>concepisse,</span> <span class='ocrx_word' id='word_1_30' title='bbox 1297 196 1392 222; x_wconf 90' lang='lat' dir='ltr'>cum</span> <span class='ocrx_word' id='word_1_31' title='bbox 1423 182 1524 222; x_wconf 84' lang='lat' dir='ltr'>fana</span> <span class='ocrx_word' id='word_1_32' title='bbox 1574 202 1575 207; x_wconf 61' lang='lat'>=</span> 
     </span>
     <span class='ocr_line' id='line_1_9' title="bbox 186 238 1574 295; baseline -0.001 -12"><span class='ocrx_word' id='word_1_33' title='bbox 186 242 401 295; x_wconf 86' lang='lat' dir='ltr'>spoliarit,</span> <span class='ocrx_word' id='word_1_34' title='bbox 446 255 539 281; x_wconf 89' lang='lat' dir='ltr'>cum</span> <span class='ocrx_word' id='word_1_35' title='bbox 582 241 649 280; x_wconf 83' lang='lat' dir='ltr'>tot</span> <span class='ocrx_word' id='word_1_36' title='bbox 685 238 880 279; x_wconf 86' lang='lat' dir='ltr'>homines</span> <span class='ocrx_word' id='word_1_37' title='bbox 918 238 1165 280; x_wconf 86' lang='lat' dir='ltr'>innocentes</span> <span class='ocrx_word' id='word_1_38' title='bbox 1204 240 1384 293; x_wconf 83' lang='lat' dir='ltr'>necarit,</span> <span class='ocrx_word' id='word_1_39' title='bbox 1430 254 1524 281; x_wconf 85' lang='lat' dir='ltr'>cum</span> <span class='ocrx_word' id='word_1_40' title='bbox 1565 240 1574 277; x_wconf 53' lang='grc' dir='ltr'>ἱ,</span> 
     </span>
     <span class='ocr_line' id='line_1_10' title="bbox 187 297 1613 351; baseline -0.002 -10"><span class='ocrx_word' id='word_1_41' title='bbox 187 301 298 341; x_wconf 86' lang='lat' dir='ltr'>cives</span> <span class='ocrx_word' id='word_1_42' title='bbox 331 300 549 340; x_wconf 84' lang='lat' dir='ltr'>Romanos</span> <span class='ocrx_word' id='word_1_43' title='bbox 588 299 745 350; x_wconf 88' lang='lat' dir='ltr'>morte,</span> <span class='ocrx_word' id='word_1_44' title='bbox 783 297 990 349; x_wconf 87' lang='lat' dir='ltr'>cruciatu,</span> <span class='ocrx_word' id='word_1_45' title='bbox 1029 312 1150 338; x_wconf 89' lang='lat' dir='ltr'>cruce</span> <span class='ocrx_word' id='word_1_46' title='bbox 1186 299 1390 351; x_wconf 83' lang='lat' dir='ltr'>affecerit,</span> <span class='ocrx_word' id='word_1_47' title='bbox 1429 314 1524 339; x_wconf 91' lang='lat' dir='ltr'>cum</span> <span class='ocrx_word' id='word_1_48' title='bbox 1612 341 1613 344; x_wconf 48' lang='lat'>,</span> 
     </span>
     <span class='ocr_line' id='line_1_11' title="bbox 186 356 1618 413; baseline -0.003 -14"><span class='ocrx_word' id='word_1_49' title='bbox 186 358 447 413; x_wconf 86' lang='lat' dir='ltr'>praedonum</span> <span class='ocrx_word' id='word_1_50' title='bbox 476 356 602 397; x_wconf 86' lang='lat' dir='ltr'>duces</span> <span class='ocrx_word' id='word_1_51' title='bbox 630 358 804 409; x_wconf 82' lang='lat' dir='ltr'>accepta</span> <span class='ocrx_word' id='word_1_52' title='bbox 830 356 1008 409; x_wconf 84' lang='lat' dir='ltr'>pecunia</span> <span class='ocrx_word' id='word_1_53' title='bbox 1035 356 1257 407; x_wconf 72' lang='lat' dir='ltr'>dimiserit,</span> <span class='ocrx_word' id='word_1_54' title='bbox 1284 372 1412 410; x_wconf 85' lang='lat' dir='ltr'>quam</span> <span class='ocrx_word' id='word_1_55' title='bbox 1440 371 1523 410; x_wconf 87' lang='lat' dir='ltr'>eos,</span> <span class='ocrx_word' id='word_1_56' title='bbox 1542 370 1566 412; x_wconf 51' lang='lat' dir='ltr'>5E</span> <span class='ocrx_word' id='word_1_57' title='bbox 1609 400 1618 410; x_wconf 62' lang='lat'><em>„</em></span> 
     </span>
     <span class='ocr_line' id='line_1_12' title="bbox 188 414 1610 470; baseline -0.001 -13"><span class='ocrx_word' id='word_1_58' title='bbox 188 417 223 457; x_wconf 86' lang='lat' dir='ltr'>si</span> <span class='ocrx_word' id='word_1_59' title='bbox 245 416 316 470; x_wconf 88' lang='lat' dir='ltr'>qui</span> <span class='ocrx_word' id='word_1_60' title='bbox 339 416 471 456; x_wconf 87' lang='lat' dir='ltr'>istum</span> <span class='ocrx_word' id='word_1_61' title='bbox 496 417 575 467; x_wconf 87' lang='lat' dir='ltr'>tot,</span> <span class='ocrx_word' id='word_1_62' title='bbox 601 414 747 467; x_wconf 87' lang='lat' dir='ltr'>tantis,</span> <span class='ocrx_word' id='word_1_63' title='bbox 774 417 865 454; x_wconf 85' lang='lat' dir='ltr'>tam</span> <span class='ocrx_word' id='word_1_64' title='bbox 890 414 1064 454; x_wconf 83' lang='lat' dir='ltr'>nefariis</span> <span class='ocrx_word' id='word_1_65' title='bbox 1094 415 1323 456; x_wconf 81' lang='lat' dir='ltr'>sceleribus</span> <span class='ocrx_word' id='word_1_66' title='bbox 1351 430 1524 470; x_wconf 87' lang='lat' dir='ltr'>cooper-</span> <span class='ocrx_word' id='word_1_67' title='bbox 1564 441 1565 463; x_wconf 65' lang='lat'><em>3</em></span> <span class='ocrx_word' id='word_1_68' title='bbox 1607 460 1610 464; x_wconf 49' lang='grc'>,</span> 
     </span>
     <span class='ocr_line' id='line_1_13' title="bbox 187 470 1618 527; baseline -0.001 -12"><span class='ocrx_word' id='word_1_69' title='bbox 187 479 278 515; x_wconf 79' lang='lat' dir='ltr'>tum</span> <span class='ocrx_word' id='word_1_70' title='bbox 322 474 452 514; x_wconf 88' lang='lat' dir='ltr'>iurati</span> <span class='ocrx_word' id='word_1_71' title='bbox 497 473 710 513; x_wconf 87' lang='lat' dir='ltr'>sententia</span> <span class='ocrx_word' id='word_1_72' title='bbox 748 487 824 513; x_wconf 86' lang='lat' dir='ltr'>sua</span> <span class='ocrx_word' id='word_1_73' title='bbox 861 472 1115 513; x_wconf 71' lang='lat' dir='ltr'>liberarint?</span> <span class='ocrx_word' id='word_1_74' title='bbox 1177 473 1275 514; x_wconf 86' lang='lat' dir='ltr'>Non</span> <span class='ocrx_word' id='word_1_75' title='bbox 1314 477 1395 527; x_wconf 90' lang='lat' dir='ltr'>est,</span> <span class='ocrx_word' id='word_1_76' title='bbox 1439 488 1524 514; x_wconf 88' lang='lat' dir='ltr'>non</span> <span class='ocrx_word' id='word_1_77' title='bbox 1564 470 1565 520; x_wconf 56' lang='lat' dir='ltr'>J</span> <span class='ocrx_word' id='word_1_78' title='bbox 1607 479 1618 520; x_wconf 71' lang='lat' dir='ltr'>j]</span> 
     </span>
     <span class='ocr_line' id='line_1_14' title="bbox 187 526 1609 586; baseline -0.001 -13"><span class='ocrx_word' id='word_1_79' title='bbox 187 536 252 573; x_wconf 86' lang='lat' dir='ltr'>est</span> <span class='ocrx_word' id='word_1_80' title='bbox 290 533 335 573; x_wconf 88' lang='lat' dir='ltr'>in</span> <span class='ocrx_word' id='word_1_81' title='bbox 371 532 452 573; x_wconf 87' lang='grc'><strong>1100</strong></span> <span class='ocrx_word' id='word_1_82' title='bbox 490 531 662 572; x_wconf 88' lang='lat' dir='ltr'>homine</span> <span class='ocrx_word' id='word_1_83' title='bbox 701 531 1139 584; x_wconf 20' lang='lat' dir='ltr'>cuiquamvpeccandi</span> <span class='ocrx_word' id='word_1_84' title='bbox 1175 532 1311 586; x_wconf 89' lang='lat' dir='ltr'>locus,</span> <span class='ocrx_word' id='word_1_85' title='bbox 1348 532 1524 585; x_wconf 69' lang='lat' dir='ltr'>iudices,</span> <span class='ocrx_word' id='word_1_86' title='bbox 1606 526 1609 532; x_wconf 54' lang='grc'>’</span> 
     </span>
     <span class='ocr_line' id='line_1_15' title="bbox 185 589 1611 643; baseline -0.001 -11"><span class='ocrx_word' id='word_1_87' title='bbox 185 606 272 632; x_wconf 83' lang='grc'><strong>11011</strong></span> <span class='ocrx_word' id='word_1_88' title='bbox 312 591 349 631; x_wconf 85' lang='lat' dir='ltr'>is</span> <span class='ocrx_word' id='word_1_89' title='bbox 391 593 456 631; x_wconf 88' lang='lat' dir='ltr'>est</span> <span class='ocrx_word' id='word_1_90' title='bbox 496 604 611 643; x_wconf 84' lang='lat' dir='ltr'>reus,</span> <span class='ocrx_word' id='word_1_91' title='bbox 652 604 737 630; x_wconf 88' lang='lat' dir='ltr'>non</span> <span class='ocrx_word' id='word_1_92' title='bbox 777 589 820 629; x_wconf 90' lang='lat' dir='ltr'>id</span> <span class='ocrx_word' id='word_1_93' title='bbox 861 593 1049 643; x_wconf 87' lang='lat' dir='ltr'>tempus,</span> <span class='ocrx_word' id='word_1_94' title='bbox 1090 605 1175 630; x_wconf 89' lang='lat' dir='ltr'>non</span> <span class='ocrx_word' id='word_1_95' title='bbox 1215 590 1258 630; x_wconf 90' lang='lat' dir='ltr'>id</span> <span class='ocrx_word' id='word_1_96' title='bbox 1299 591 1524 632; x_wconf 88' lang='lat' dir='ltr'>consilium</span> <span class='ocrx_word' id='word_1_97' title='bbox 1564 592 1611 637; x_wconf 55' lang='lat'>{27</span> 
     </span>
     <span class='ocr_line' id='line_1_16' title="bbox 188 648 1610 703; baseline 0 -13"><span class='ocrx_word' id='word_1_98' title='bbox 188 648 370 703; x_wconf 88' lang='lat' dir='ltr'>(metuo,</span> <span class='ocrx_word' id='word_1_99' title='bbox 407 663 460 689; x_wconf 87' lang='lat' dir='ltr'>ne</span> <span class='ocrx_word' id='word_1_100' title='bbox 499 649 600 702; x_wconf 79' lang='lat' dir='ltr'>quid</span> <span class='ocrx_word' id='word_1_101' title='bbox 638 648 910 702; x_wconf 77' lang='lat' dir='ltr'>arrogantius</span> <span class='ocrx_word' id='word_1_102' title='bbox 947 649 1059 702; x_wconf 76' lang='lat' dir='ltr'>apud</span> <span class='ocrx_word' id='word_1_103' title='bbox 1091 649 1200 689; x_wconf 88' lang='lat' dir='ltr'>tales</span> <span class='ocrx_word' id='word_1_104' title='bbox 1233 649 1348 690; x_wconf 84' lang='lat' dir='ltr'>viros</span> <span class='ocrx_word' id='word_1_105' title='bbox 1381 650 1524 690; x_wconf 83' lang='lat' dir='ltr'>videar</span> <span class='ocrx_word' id='word_1_106' title='bbox 1545 652 1579 692; x_wconf 50' lang='lat'>15:</span> <span class='ocrx_word' id='word_1_107' title='bbox 1602 655 1610 682; x_wconf 86' lang='grc'>-’</span> 
     </span>
     <span class='ocr_line' id='line_1_17' title="bbox 187 702 1607 763; baseline -0.001 -14"><span class='ocrx_word' id='word_1_108' title='bbox 187 707 359 762; x_wconf 84' lang='lat' dir='ltr'>dicere),</span> <span class='ocrx_word' id='word_1_109' title='bbox 391 722 443 748; x_wconf 92' lang='lat' dir='ltr'>ne</span> <span class='ocrx_word' id='word_1_110' title='bbox 476 710 596 748; x_wconf 80' lang='lat' dir='ltr'>actor</span> <span class='ocrx_word' id='word_1_111' title='bbox 629 707 797 760; x_wconf 88' lang='lat' dir='ltr'>quidem</span> <span class='ocrx_word' id='word_1_112' title='bbox 830 709 895 747; x_wconf 87' lang='lat' dir='ltr'>est</span> <span class='ocrx_word' id='word_1_113' title='bbox 926 706 975 759; x_wconf 77' lang='lat' dir='ltr'>is,</span> <span class='ocrx_word' id='word_1_114' title='bbox 1008 706 1073 747; x_wconf 94' lang='lat' dir='ltr'>cui</span> <span class='ocrx_word' id='word_1_115' title='bbox 1106 722 1201 747; x_wconf 85' lang='lat' dir='ltr'>reus</span> <span class='ocrx_word' id='word_1_116' title='bbox 1235 711 1324 748; x_wconf 79' lang='lat' dir='ltr'>tani</span> <span class='ocrx_word' id='word_1_117' title='bbox 1355 723 1524 757; x_wconf 79' lang='lat' dir='ltr'>nocens,</span> <span class='ocrx_word' id='word_1_118' title='bbox 1563 702 1607 763; x_wconf 56' lang='grc' dir='ltr'><strong>ᾗ</strong></span> 
     </span>
     <span class='ocr_line' id='line_1_18' title="bbox 186 765 1616 820; baseline 0 -13"><span class='ocrx_word' id='word_1_119' title='bbox 186 770 276 808; x_wconf 86' lang='lat' dir='ltr'>tam</span> <span class='ocrx_word' id='word_1_120' title='bbox 314 767 524 820; x_wconf 87' lang='lat' dir='ltr'>perditus,</span> <span class='ocrx_word' id='word_1_121' title='bbox 563 769 653 806; x_wconf 88' lang='lat' dir='ltr'>tam</span> <span class='ocrx_word' id='word_1_122' title='bbox 691 765 908 806; x_wconf 84' lang='lat' dir='ltr'>convictus</span> <span class='ocrx_word' id='word_1_123' title='bbox 948 768 1022 805; x_wconf 86' lang='lat' dir='ltr'>aut</span> <span class='ocrx_word' id='word_1_124' title='bbox 1060 768 1222 806; x_wconf 80' lang='lat' dir='ltr'>occulte</span> <span class='ocrx_word' id='word_1_125' title='bbox 1254 766 1419 820; x_wconf 85' lang='lat' dir='ltr'>subripi</span> <span class='ocrx_word' id='word_1_126' title='bbox 1452 770 1525 807; x_wconf 88' lang='lat' dir='ltr'>aut</span> <span class='ocrx_word' id='word_1_127' title='bbox 1564 771 1565 774; x_wconf 74' lang='grc'>’</span> <span class='ocrx_word' id='word_1_128' title='bbox 1613 811 1616 814; x_wconf 50' lang='grc'>,</span> 
     </span>
     <span class='ocr_line' id='line_1_19' title="bbox 186 824 1609 880; baseline 0.001 -15"><span class='ocrx_word' id='word_1_129' title='bbox 186 826 344 880; x_wconf 90' lang='lat' dir='ltr'>inpune</span> <span class='ocrx_word' id='word_1_130' title='bbox 383 825 489 879; x_wconf 87' lang='lat' dir='ltr'>eripi</span> <span class='ocrx_word' id='word_1_131' title='bbox 527 824 677 878; x_wconf 84' lang='lat' dir='ltr'>possit.</span> <span class='ocrx_word' id='word_1_132' title='bbox 738 824 817 864; x_wconf 73' lang='lat' dir='ltr'>His</span> <span class='ocrx_word' id='word_1_133' title='bbox 857 838 935 878; x_wconf 73' lang='lat' dir='ltr'>ego</span> <span class='ocrx_word' id='word_1_134' title='bbox 972 824 1182 865; x_wconf 86' lang='lat' dir='ltr'>iudicibus</span> <span class='ocrx_word' id='word_1_135' title='bbox 1215 839 1300 866; x_wconf 90' lang='lat' dir='ltr'>non</span> <span class='ocrx_word' id='word_1_136' title='bbox 1333 825 1523 879; x_wconf 80' lang='lat' dir='ltr'>probabo</span> <span class='ocrx_word' id='word_1_137' title='bbox 1562 831 1609 862; x_wconf 80' lang='grc' dir='ltr'>·.Ῑ</span> 
     </span>
     <span class='ocr_line' id='line_1_20' title="bbox 187 880 1615 937; baseline 0.001 -14"><span class='ocrx_word' id='word_1_138' title='bbox 187 884 230 925; x_wconf 80' lang='lat' dir='ltr'>O.</span> <span class='ocrx_word' id='word_1_139' title='bbox 252 883 431 924; x_wconf 84' lang='lat' dir='ltr'>Verrem</span> <span class='ocrx_word' id='word_1_140' title='bbox 458 886 608 924; x_wconf 85' lang='lat' dir='ltr'>contra</span> <span class='ocrx_word' id='word_1_141' title='bbox 634 883 751 937; x_wconf 75' lang='lat' dir='ltr'>leges</span> <span class='ocrx_word' id='word_1_142' title='bbox 778 882 1000 936; x_wconf 85' lang='lat' dir='ltr'>pecuniam</span> <span class='ocrx_word' id='word_1_143' title='bbox 1028 883 1218 936; x_wconf 71' lang='lat' dir='ltr'>cepisse?</span> <span class='ocrx_word' id='word_1_144' title='bbox 1253 884 1524 924; x_wconf 88' lang='lat' dir='ltr'>sustinebunt</span> <span class='ocrx_word' id='word_1_145' title='bbox 1562 898 1563 932; x_wconf 58' lang='grc' dir='ltr'>ξ</span> <span class='ocrx_word' id='word_1_146' title='bbox 1611 880 1615 917; x_wconf 65' lang='grc' dir='ltr'><strong>ἶ</strong></span> 
     </span>
     <span class='ocr_line' id='line_1_21' title="bbox 185 941 1615 997; baseline -0.002 -14"><span class='ocrx_word' id='word_1_147' title='bbox 185 943 295 983; x_wconf 85' lang='lat' dir='ltr'>tales</span> <span class='ocrx_word' id='word_1_148' title='bbox 335 943 415 983; x_wconf 85' lang='lat' dir='ltr'>viri</span> <span class='ocrx_word' id='word_1_149' title='bbox 455 957 498 982; x_wconf 89' lang='lat' dir='ltr'>se</span> <span class='ocrx_word' id='word_1_150' title='bbox 530 944 597 982; x_wconf 89' lang='lat' dir='ltr'>tot</span> <span class='ocrx_word' id='word_1_151' title='bbox 629 941 918 993; x_wconf 86' lang='lat' dir='ltr'>senatoribus,</span> <span class='ocrx_word' id='word_1_152' title='bbox 956 944 1022 982; x_wconf 91' lang='lat' dir='ltr'>tot</span> <span class='ocrx_word' id='word_1_153' title='bbox 1055 942 1270 994; x_wconf 84' lang='lat' dir='ltr'>equitibus</span> <span class='ocrx_word' id='word_1_154' title='bbox 1303 942 1523 997; x_wconf 83' lang='lat' dir='ltr'>Romanis,</span> <span class='ocrx_word' id='word_1_155' title='bbox 1541 956 1558 980; x_wconf 71' lang='lat' dir='ltr'>l:</span> <span class='ocrx_word' id='word_1_156' title='bbox 1613 949 1615 977; x_wconf 74' lang='grc' dir='ltr'>ἱ</span> 
     </span>
     <span class='ocr_line' id='line_1_22' title="bbox 186 1000 1524 1053; baseline 0.001 -12"><span class='ocrx_word' id='word_1_157' title='bbox 186 1004 253 1041; x_wconf 89' lang='lat' dir='ltr'>tot</span> <span class='ocrx_word' id='word_1_158' title='bbox 294 1001 559 1053; x_wconf 87' lang='lat' dir='ltr'>civitatibus,</span> <span class='ocrx_word' id='word_1_159' title='bbox 603 1003 670 1041; x_wconf 87' lang='lat' dir='ltr'>tot</span> <span class='ocrx_word' id='word_1_160' title='bbox 706 1000 950 1040; x_wconf 89' lang='lat' dir='ltr'>hominibus</span> <span class='ocrx_word' id='word_1_161' title='bbox 990 1000 1306 1042; x_wconf 73' lang='lat' dir='ltr'>honestissimis</span> <span class='ocrx_word' id='word_1_162' title='bbox 1346 1016 1395 1042; x_wconf 78' lang='lat' dir='ltr'>ex</span> <span class='ocrx_word' id='word_1_163' title='bbox 1434 1004 1524 1042; x_wconf 84' lang='lat' dir='ltr'>tam</span> 
     </span>
     <span class='ocr_line' id='line_1_23' title="bbox 186 1059 1524 1114; baseline 0 -14"><span class='ocrx_word' id='word_1_164' title='bbox 186 1060 348 1100; x_wconf 72' lang='lat' dir='ltr'>illustri</span> <span class='ocrx_word' id='word_1_165' title='bbox 368 1059 599 1114; x_wconf 82' lang='lat' dir='ltr'>provincia,</span> <span class='ocrx_word' id='word_1_166' title='bbox 624 1061 692 1099; x_wconf 88' lang='lat' dir='ltr'>tot</span> <span class='ocrx_word' id='word_1_167' title='bbox 712 1059 968 1113; x_wconf 85' lang='lat' dir='ltr'>populorum</span> <span class='ocrx_word' id='word_1_168' title='bbox 990 1059 1339 1113; x_wconf 80' lang='lat' dir='ltr'>privatorumque</span> <span class='ocrx_word' id='word_1_169' title='bbox 1366 1060 1524 1100; x_wconf 82' lang='lat' dir='ltr'>litteris</span> 
     </span>
     <span class='ocr_line' id='line_1_24' title="bbox 186 1117 1523 1171; baseline -0.001 -12"><span class='ocrx_word' id='word_1_170' title='bbox 186 1133 272 1159; x_wconf 87' lang='lat' dir='ltr'>non</span> <span class='ocrx_word' id='word_1_171' title='bbox 305 1118 548 1171; x_wconf 74' lang='lat' dir='ltr'>credidisse,</span> <span class='ocrx_word' id='word_1_172' title='bbox 580 1120 728 1158; x_wconf 85' lang='lat' dir='ltr'>tantae</span> <span class='ocrx_word' id='word_1_173' title='bbox 761 1117 910 1171; x_wconf 87' lang='lat' dir='ltr'>populi</span> <span class='ocrx_word' id='word_1_174' title='bbox 942 1117 1124 1158; x_wconf 83' lang='lat' dir='ltr'>Romani</span> <span class='ocrx_word' id='word_1_175' title='bbox 1157 1118 1373 1158; x_wconf 83' lang='lat' dir='ltr'>voluntati</span> <span class='ocrx_word' id='word_1_176' title='bbox 1404 1119 1523 1159; x_wconf 91' lang='lat' dir='ltr'>resti-</span> 
     </span>
     <span class='ocr_line' id='line_1_25' title="bbox 187 1176 1524 1229; baseline 0 -12"><span class='ocrx_word' id='word_1_177' title='bbox 187 1178 319 1217; x_wconf 74' lang='lat' dir='ltr'>tisse?</span> <span class='ocrx_word' id='word_1_178' title='bbox 388 1176 654 1229; x_wconf 70' lang='lat' dir='ltr'>Sustineant,</span> <span class='ocrx_word' id='word_1_179' title='bbox 700 1176 977 1229; x_wconf 73' lang='lat' dir='ltr'>reperiemus,</span> <span class='ocrx_word' id='word_1_180' title='bbox 1026 1176 1061 1216; x_wconf 84' lang='lat' dir='ltr'>si</span> <span class='ocrx_word' id='word_1_181' title='bbox 1104 1176 1236 1217; x_wconf 87' lang='lat' dir='ltr'>istum</span> <span class='ocrx_word' id='word_1_182' title='bbox 1283 1177 1427 1217; x_wconf 80' lang='lat' dir='ltr'>vivum</span> <span class='ocrx_word' id='word_1_183' title='bbox 1472 1177 1524 1217; x_wconf 88' lang='lat' dir='ltr'>ad</span> 
     </span>
     <span class='ocr_line' id='line_1_26' title="bbox 188 1234 1615 1289; baseline 0 -13"><span class='ocrx_word' id='word_1_184' title='bbox 188 1236 303 1277; x_wconf 89' lang='lat' dir='ltr'>aliud</span> <span class='ocrx_word' id='word_1_185' title='bbox 328 1235 529 1276; x_wconf 86' lang='lat' dir='ltr'>iudicium</span> <span class='ocrx_word' id='word_1_186' title='bbox 559 1234 787 1288; x_wconf 79' lang='lat' dir='ltr'>perducere</span> <span class='ocrx_word' id='word_1_187' title='bbox 819 1235 1073 1287; x_wconf 89' lang='lat' dir='ltr'>poterimus,</span> <span class='ocrx_word' id='word_1_188' title='bbox 1107 1235 1259 1287; x_wconf 87' lang='lat' dir='ltr'>quibus</span> <span class='ocrx_word' id='word_1_189' title='bbox 1293 1236 1522 1289; x_wconf 86' lang='lat' dir='ltr'>probemus</span> <span class='ocrx_word' id='word_1_190' title='bbox 1539 1248 1557 1272; x_wconf 54' lang='lat'>2⁴</span> <span class='ocrx_word' id='word_1_191' title='bbox 1596 1245 1615 1287; x_wconf 43' lang='grc' dir='ltr'>ᾗῇ</span> 
     </span>
     <span class='ocr_line' id='line_1_27' title="bbox 187 1293 1618 1347; baseline 0 -13"><span class='ocrx_word' id='word_1_192' title='bbox 187 1294 318 1334; x_wconf 87' lang='lat' dir='ltr'>istum</span> <span class='ocrx_word' id='word_1_193' title='bbox 362 1294 406 1334; x_wconf 91' lang='lat' dir='ltr'>in</span> <span class='ocrx_word' id='word_1_194' title='bbox 446 1296 676 1347; x_wconf 76' lang='lat' dir='ltr'>quaestura</span> <span class='ocrx_word' id='word_1_195' title='bbox 714 1293 936 1345; x_wconf 78' lang='lat' dir='ltr'>pecuniam</span> <span class='ocrx_word' id='word_1_196' title='bbox 975 1293 1191 1346; x_wconf 79' lang='lat' dir='ltr'>publicam</span> <span class='ocrx_word' id='word_1_197' title='bbox 1231 1294 1304 1334; x_wconf 70' lang='lat' dir='ltr'>Cn.</span> <span class='ocrx_word' id='word_1_198' title='bbox 1337 1293 1524 1335; x_wconf 78' lang='lat' dir='ltr'>Carboni</span> <span class='ocrx_word' id='word_1_199' title='bbox 1560 1298 1561 1312; x_wconf 71' lang='lat'>³</span> <span class='ocrx_word' id='word_1_200' title='bbox 1604 1300 1618 1344; x_wconf 52' lang='lat' dir='ltr'>j*</span> 
     </span>
     <span class='ocr_line' id='line_1_28' title="bbox 187 1351 1618 1406; baseline 0.002 -12"><span class='ocrx_word' id='word_1_201' title='bbox 187 1353 352 1394; x_wconf 77' lang='lat' dir='ltr'>consuli</span> <span class='ocrx_word' id='word_1_202' title='bbox 392 1352 536 1392; x_wconf 86' lang='lat' dir='ltr'>datam</span> <span class='ocrx_word' id='word_1_203' title='bbox 576 1352 800 1403; x_wconf 82' lang='lat' dir='ltr'>avertisse,</span> <span class='ocrx_word' id='word_1_204' title='bbox 840 1352 993 1404; x_wconf 86' lang='lat' dir='ltr'>quibus</span> <span class='ocrx_word' id='word_1_205' title='bbox 1029 1352 1360 1406; x_wconf 79' lang='lat' dir='ltr'>persuadeamus</span> <span class='ocrx_word' id='word_1_206' title='bbox 1393 1353 1523 1394; x_wconf 85' lang='lat' dir='ltr'>istum</span> <span class='ocrx_word' id='word_1_207' title='bbox 1560 1394 1561 1406; x_wconf 21' lang='grc' dir='ltr'><strong>ἶ</strong></span> <span class='ocrx_word' id='word_1_208' title='bbox 1595 1351 1618 1397; x_wconf 49' lang='lat'>3·</span> 
     </span>
     <span class='ocr_line' id='line_1_29' title="bbox 188 1410 1561 1466; baseline 0.001 -15"><span class='ocrx_word' id='word_1_209' title='bbox 188 1411 327 1452; x_wconf 86' lang='lat' dir='ltr'>alieno</span> <span class='ocrx_word' id='word_1_210' title='bbox 371 1411 542 1451; x_wconf 89' lang='lat' dir='ltr'>nomine</span> <span class='ocrx_word' id='word_1_211' title='bbox 581 1426 606 1452; x_wconf 83' lang='lat' dir='ltr'>a</span> <span class='ocrx_word' id='word_1_212' title='bbox 645 1410 943 1463; x_wconf 83' lang='lat' dir='ltr'>quaestoribus</span> <span class='ocrx_word' id='word_1_213' title='bbox 989 1411 1182 1464; x_wconf 87' lang='lat' dir='ltr'>urbanis,</span> <span class='ocrx_word' id='word_1_214' title='bbox 1227 1412 1338 1464; x_wconf 89' lang='lat' dir='ltr'>quod</span> <span class='ocrx_word' id='word_1_215' title='bbox 1383 1412 1522 1466; x_wconf 88' lang='lat' dir='ltr'>priore</span> <span class='ocrx_word' id='word_1_216' title='bbox 1560 1434 1561 1453; x_wconf 57' lang='grc' dir='ltr'>ι</span> 
     </span>
     <span class='ocr_line' id='line_1_30' title="bbox 187 1469 1561 1524; baseline -0.003 -13"><span class='ocrx_word' id='word_1_217' title='bbox 187 1470 354 1511; x_wconf 90' lang='lat' dir='ltr'>actione</span> <span class='ocrx_word' id='word_1_218' title='bbox 388 1469 613 1522; x_wconf 88' lang='lat' dir='ltr'>didicistis,</span> <span class='ocrx_word' id='word_1_219' title='bbox 649 1469 871 1523; x_wconf 87' lang='lat' dir='ltr'>pecuniam</span> <span class='ocrx_word' id='word_1_220' title='bbox 904 1469 1152 1522; x_wconf 72' lang='lat' dir='ltr'>abstulisse,</span> <span class='ocrx_word' id='word_1_221' title='bbox 1185 1472 1309 1510; x_wconf 89' lang='lat' dir='ltr'>erunt</span> <span class='ocrx_word' id='word_1_222' title='bbox 1341 1471 1414 1524; x_wconf 89' lang='lat' dir='ltr'>qui</span> <span class='ocrx_word' id='word_1_223' title='bbox 1447 1472 1521 1522; x_wconf 88' lang='lat' dir='ltr'>[et]</span> <span class='ocrx_word' id='word_1_224' title='bbox 1560 1470 1561 1476; x_wconf 73' lang='grc'>’</span> 
     </span>
     <span class='ocr_line' id='line_1_31' title="bbox 186 1527 1560 1582; baseline 0 -13"><span class='ocrx_word' id='word_1_225' title='bbox 186 1529 230 1569; x_wconf 90' lang='lat' dir='ltr'>in</span> <span class='ocrx_word' id='word_1_226' title='bbox 268 1543 317 1569; x_wconf 91' lang='lat' dir='ltr'>eo</span> <span class='ocrx_word' id='word_1_227' title='bbox 357 1542 525 1582; x_wconf 86' lang='lat' dir='ltr'>quoque</span> <span class='ocrx_word' id='word_1_228' title='bbox 560 1527 782 1569; x_wconf 82' lang='lat' dir='ltr'>audaciam</span> <span class='ocrx_word' id='word_1_229' title='bbox 814 1528 903 1569; x_wconf 88' lang='lat' dir='ltr'>eius</span> <span class='ocrx_word' id='word_1_230' title='bbox 936 1528 1267 1582; x_wconf 82' lang='lat' dir='ltr'>reprehendant,</span> <span class='ocrx_word' id='word_1_231' title='bbox 1306 1529 1419 1582; x_wconf 87' lang='lat' dir='ltr'>quod</span> <span class='ocrx_word' id='word_1_232' title='bbox 1451 1529 1522 1569; x_wconf 89' lang='lat' dir='ltr'>ali·</span> <span class='ocrx_word' id='word_1_233' title='bbox 1538 1541 1560 1574; x_wconf 54' lang='lat'>2„</span> 
     </span>
     <span class='ocr_line' id='line_1_32' title="bbox 188 1582 1560 1641; baseline 0.001 -14"><span class='ocrx_word' id='word_1_234' title='bbox 188 1590 292 1641; x_wconf 77' lang='lat' dir='ltr'>quot</span> <span class='ocrx_word' id='word_1_235' title='bbox 318 1587 563 1627; x_wconf 88' lang='lat' dir='ltr'>nominibus</span> <span class='ocrx_word' id='word_1_236' title='bbox 591 1587 640 1627; x_wconf 88' lang='lat' dir='ltr'>de</span> <span class='ocrx_word' id='word_1_237' title='bbox 668 1587 818 1639; x_wconf 85' lang='lat' dir='ltr'>capite,</span> <span class='ocrx_word' id='word_1_238' title='bbox 852 1589 1058 1639; x_wconf 86' lang='lat' dir='ltr'>quantum</span> <span class='ocrx_word' id='word_1_239' title='bbox 1086 1587 1355 1627; x_wconf 87' lang='lat' dir='ltr'>commodum</span> <span class='ocrx_word' id='word_1_240' title='bbox 1383 1588 1522 1641; x_wconf 84' lang='lat' dir='ltr'>fuerit,</span> <span class='ocrx_word' id='word_1_241' title='bbox 1558 1582 1560 1607; x_wconf 60' lang='lat'><em>³</em></span> 
     </span>
     <span class='ocr_line' id='line_1_33' title="bbox 185 1645 1559 1700; baseline 0 -14"><span class='ocrx_word' id='word_1_242' title='bbox 185 1646 391 1686; x_wconf 77' lang='lat' dir='ltr'>frumenti</span> <span class='ocrx_word' id='word_1_243' title='bbox 436 1645 657 1686; x_wconf 82' lang='lat' dir='ltr'>decumani</span> <span class='ocrx_word' id='word_1_244' title='bbox 697 1645 946 1697; x_wconf 74' lang='lat' dir='ltr'>detraxerit,</span> <span class='ocrx_word' id='word_1_245' title='bbox 990 1648 1115 1685; x_wconf 86' lang='lat' dir='ltr'>erunt</span> <span class='ocrx_word' id='word_1_246' title='bbox 1160 1647 1290 1686; x_wconf 81' lang='lat' dir='ltr'>etiam</span> <span class='ocrx_word' id='word_1_247' title='bbox 1328 1646 1521 1700; x_wconf 83' lang='lat' dir='ltr'>fortasse,</span> <span class='ocrx_word' id='word_1_248' title='bbox 1558 1693 1559 1696; x_wconf 11' lang='grc' dir='ltr'><strong>Ἴ</strong></span> 
     </span>
     <span class='ocr_line' id='line_1_34' title="bbox 187 1704 1613 1758; baseline 0.001 -14"><span class='ocrx_word' id='word_1_249' title='bbox 187 1704 364 1757; x_wconf 87' lang='lat' dir='ltr'>iudices,</span> <span class='ocrx_word' id='word_1_250' title='bbox 401 1704 472 1757; x_wconf 87' lang='lat' dir='ltr'>qui</span> <span class='ocrx_word' id='word_1_251' title='bbox 503 1704 625 1744; x_wconf 89' lang='lat' dir='ltr'>illum</span> <span class='ocrx_word' id='word_1_252' title='bbox 659 1704 747 1743; x_wconf 86' lang='lat' dir='ltr'>eius</span> <span class='ocrx_word' id='word_1_253' title='bbox 781 1704 1025 1756; x_wconf 83' lang='lat' dir='ltr'>peculatum</span> <span class='ocrx_word' id='word_1_254' title='bbox 1057 1704 1125 1744; x_wconf 90' lang='lat' dir='ltr'>vel</span> <span class='ocrx_word' id='word_1_255' title='bbox 1158 1705 1361 1745; x_wconf 82' lang='lat' dir='ltr'>acerrime</span> <span class='ocrx_word' id='word_1_256' title='bbox 1394 1705 1522 1745; x_wconf 74' lang='lat' dir='ltr'>vindi-</span> <span class='ocrx_word' id='word_1_257' title='bbox 1602 1704 1613 1758; x_wconf 46' lang='lat' dir='ltr'>J</span> 
     </span>
     <span class='ocr_line' id='line_1_35' title="bbox 188 1762 1605 1816; baseline 0.001 -13"><span class='ocrx_word' id='word_1_258' title='bbox 188 1762 368 1803; x_wconf 83' lang='lat' dir='ltr'>candum</span> <span class='ocrx_word' id='word_1_259' title='bbox 384 1765 549 1816; x_wconf 85' lang='lat' dir='ltr'>putent,</span> <span class='ocrx_word' id='word_1_260' title='bbox 569 1762 681 1816; x_wconf 88' lang='lat' dir='ltr'>quod</span> <span class='ocrx_word' id='word_1_261' title='bbox 696 1763 776 1801; x_wconf 76' lang='lat' dir='ltr'>iste</span> <span class='ocrx_word' id='word_1_262' title='bbox 792 1762 1048 1802; x_wconf 57' lang='lat' dir='ltr'>ELMarcelli</span> <span class='ocrx_word' id='word_1_263' title='bbox 1064 1765 1105 1802; x_wconf 92' lang='lat' dir='ltr'>et</span> <span class='ocrx_word' id='word_1_264' title='bbox 1120 1763 1365 1804; x_wconf 73' lang='lat' dir='ltr'>RAfricani</span> <span class='ocrx_word' id='word_1_265' title='bbox 1380 1778 1521 1804; x_wconf 89' lang='lat' dir='ltr'>monu-</span> <span class='ocrx_word' id='word_1_266' title='bbox 1558 1777 1559 1782; x_wconf 59' lang='lat'>¹</span> <span class='ocrx_word' id='word_1_267' title='bbox 1603 1775 1605 1778; x_wconf 81' lang='grc'><em>·</em></span> 
     </span>
     <span class='ocr_line' id='line_1_36' title="bbox 188 1820 1615 1876; baseline 0.001 -15"><span class='ocrx_word' id='word_1_268' title='bbox 188 1824 350 1873; x_wconf 80' lang='lat' dir='ltr'>menta,</span> <span class='ocrx_word' id='word_1_269' title='bbox 390 1836 497 1874; x_wconf 83' lang='lat' dir='ltr'>quae</span> <span class='ocrx_word' id='word_1_270' title='bbox 530 1821 700 1861; x_wconf 89' lang='lat' dir='ltr'>nomine</span> <span class='ocrx_word' id='word_1_271' title='bbox 733 1821 924 1872; x_wconf 87' lang='lat' dir='ltr'>illorum,</span> <span class='ocrx_word' id='word_1_272' title='bbox 957 1836 1001 1860; x_wconf 90' lang='lat' dir='ltr'>re</span> <span class='ocrx_word' id='word_1_273' title='bbox 1027 1836 1127 1861; x_wconf 79' lang='lat' dir='ltr'>vera</span> <span class='ocrx_word' id='word_1_274' title='bbox 1159 1822 1307 1875; x_wconf 87' lang='lat' dir='ltr'>populi</span> <span class='ocrx_word' id='word_1_275' title='bbox 1340 1822 1520 1863; x_wconf 82' lang='lat' dir='ltr'>Romani</span> <span class='ocrx_word' id='word_1_276' title='bbox 1536 1820 1558 1858; x_wconf 58' lang='lat'>3¹</span> <span class='ocrx_word' id='word_1_277' title='bbox 1605 1836 1615 1876; x_wconf 69' lang='grc' dir='ltr'><strong><em>ζ</em></strong></span> 
     </span>
     <span class='ocr_line' id='line_1_37' title="bbox 189 1879 1615 1934; baseline 0.001 -14"><span class='ocrx_word' id='word_1_278' title='bbox 189 1883 230 1920; x_wconf 86' lang='lat' dir='ltr'>et</span> <span class='ocrx_word' id='word_1_279' title='bbox 258 1882 379 1920; x_wconf 80' lang='lat' dir='ltr'>erant</span> <span class='ocrx_word' id='word_1_280' title='bbox 412 1883 454 1920; x_wconf 93' lang='lat' dir='ltr'>et</span> <span class='ocrx_word' id='word_1_281' title='bbox 485 1879 773 1932; x_wconf 79' lang='lat' dir='ltr'>habebantur,</span> <span class='ocrx_word' id='word_1_282' title='bbox 806 1894 854 1919; x_wconf 84' lang='lat' dir='ltr'>ex</span> <span class='ocrx_word' id='word_1_283' title='bbox 885 1879 998 1920; x_wconf 80' lang='lat' dir='ltr'>fanis</span> <span class='ocrx_word' id='word_1_284' title='bbox 1030 1880 1366 1934; x_wconf 70' lang='lat' dir='ltr'>religiosissimis</span> <span class='ocrx_word' id='word_1_285' title='bbox 1400 1884 1442 1921; x_wconf 93' lang='lat' dir='ltr'>et</span> <span class='ocrx_word' id='word_1_286' title='bbox 1473 1895 1519 1921; x_wconf 84' lang='lat' dir='ltr'>ex</span> <span class='ocrx_word' id='word_1_287' title='bbox 1557 1895 1558 1898; x_wconf 72' lang='grc'>’</span> <span class='ocrx_word' id='word_1_288' title='bbox 1600 1894 1615 1897; x_wconf 57' lang='grc'>”·</span> 
     </span>
     <span class='ocr_line' id='line_1_38' title="bbox 188 1938 1518 1991; baseline 0.001 -13"><span class='ocrx_word' id='word_1_289' title='bbox 188 1939 366 1979; x_wconf 88' lang='lat' dir='ltr'>urbibus</span> <span class='ocrx_word' id='word_1_290' title='bbox 383 1938 594 1979; x_wconf 85' lang='lat' dir='ltr'>sociorum</span> <span class='ocrx_word' id='word_1_291' title='bbox 611 1941 737 1991; x_wconf 82' lang='lat' dir='ltr'>atque</span> <span class='ocrx_word' id='word_1_292' title='bbox 757 1938 990 1979; x_wconf 85' lang='lat' dir='ltr'>amicorum</span> <span class='ocrx_word' id='word_1_293' title='bbox 1010 1953 1097 1978; x_wconf 92' lang='lat' dir='ltr'>non</span> <span class='ocrx_word' id='word_1_294' title='bbox 1118 1939 1326 1979; x_wconf 87' lang='lat' dir='ltr'>dubitarit</span> <span class='ocrx_word' id='word_1_295' title='bbox 1347 1939 1518 1980; x_wconf 82' lang='lat' dir='ltr'>auferre.</span> 
     </span>
     <span class='ocr_line' id='line_1_39' title="bbox 187 1996 1557 2051; baseline 0.001 -14"><span class='ocrx_word' id='word_1_296' title='bbox 187 1996 424 2037; x_wconf 85' lang='lat' dir='ltr'>Emerserit</span> <span class='ocrx_word' id='word_1_297' title='bbox 468 2012 517 2037; x_wconf 76' lang='lat' dir='ltr'>ex</span> <span class='ocrx_word' id='word_1_298' title='bbox 561 1997 782 2051; x_wconf 85' lang='lat' dir='ltr'>peculatus</span> <span class='ocrx_word' id='word_1_299' title='bbox 823 1997 953 2037; x_wconf 87' lang='lat' dir='ltr'>etiam</span> <span class='ocrx_word' id='word_1_300' title='bbox 990 1996 1163 2045; x_wconf 72' lang='lat' dir='ltr'>iudici03</span> <span class='ocrx_word' id='word_1_301' title='bbox 1207 1998 1435 2038; x_wconf 86' lang='lat' dir='ltr'>meditetur</span> <span class='ocrx_word' id='word_1_302' title='bbox 1473 1997 1519 2037; x_wconf 86' lang='lat' dir='ltr'>de</span> <span class='ocrx_word' id='word_1_303' title='bbox 1556 2028 1557 2033; x_wconf 65' lang='lat'>,</span> 
     </span>
     <span class='ocr_line' id='line_1_40' title="bbox 189 2055 1606 2109; baseline 0.001 -14"><span class='ocrx_word' id='word_1_304' title='bbox 189 2056 364 2096; x_wconf 89' lang='lat' dir='ltr'>ducibus</span> <span class='ocrx_word' id='word_1_305' title='bbox 385 2055 587 2108; x_wconf 87' lang='lat' dir='ltr'>hostium,</span> <span class='ocrx_word' id='word_1_306' title='bbox 614 2070 719 2109; x_wconf 85' lang='lat' dir='ltr'>quos</span> <span class='ocrx_word' id='word_1_307' title='bbox 741 2058 915 2109; x_wconf 83' lang='lat' dir='ltr'>accepta</span> <span class='ocrx_word' id='word_1_308' title='bbox 934 2056 1113 2109; x_wconf 84' lang='lat' dir='ltr'>pecunia</span> <span class='ocrx_word' id='word_1_309' title='bbox 1133 2056 1343 2105; x_wconf 78' lang='lat' dir='ltr'>liberavit,</span> <span class='ocrx_word' id='word_1_310' title='bbox 1369 2056 1518 2109; x_wconf 81' lang='lat' dir='ltr'>videat,</span> <span class='ocrx_word' id='word_1_311' title='bbox 1599 2091 1606 2096; x_wconf 70' lang='grc'>,,</span> 
     </span>
     <span class='ocr_line' id='line_1_41' title="bbox 189 2114 1602 2168; baseline 0.001 -14"><span class='ocrx_word' id='word_1_312' title='bbox 189 2114 288 2167; x_wconf 86' lang='lat' dir='ltr'>quid</span> <span class='ocrx_word' id='word_1_313' title='bbox 327 2115 377 2154; x_wconf 90' lang='lat' dir='ltr'>de</span> <span class='ocrx_word' id='word_1_314' title='bbox 413 2115 500 2154; x_wconf 87' lang='lat' dir='ltr'>illis</span> <span class='ocrx_word' id='word_1_315' title='bbox 539 2114 812 2168; x_wconf 86' lang='lat' dir='ltr'>respondeat,</span> <span class='ocrx_word' id='word_1_316' title='bbox 852 2128 956 2167; x_wconf 81' lang='lat' dir='ltr'>quos</span> <span class='ocrx_word' id='word_1_317' title='bbox 995 2114 1038 2154; x_wconf 93' lang='lat' dir='ltr'>in</span> <span class='ocrx_word' id='word_1_318' title='bbox 1077 2129 1221 2155; x_wconf 87' lang='lat' dir='ltr'>eorum</span> <span class='ocrx_word' id='word_1_319' title='bbox 1254 2115 1394 2155; x_wconf 84' lang='lat' dir='ltr'>locum</span> <span class='ocrx_word' id='word_1_320' title='bbox 1426 2115 1556 2158; x_wconf 46' lang='lat' dir='ltr'>sub-3¹</span> <span class='ocrx_word' id='word_1_321' title='bbox 1600 2128 1602 2130; x_wconf 75' lang='grc'>’</span> 
     </span>
     <span class='ocr_line' id='line_1_42' title="bbox 189 2173 1517 2227; baseline 0.001 -15"><span class='ocrx_word' id='word_1_322' title='bbox 189 2173 299 2213; x_wconf 85' lang='lat' dir='ltr'>ditos</span> <span class='ocrx_word' id='word_1_323' title='bbox 328 2173 442 2213; x_wconf 86' lang='lat' dir='ltr'>domi</span> <span class='ocrx_word' id='word_1_324' title='bbox 475 2188 575 2213; x_wconf 86' lang='lat' dir='ltr'>suae</span> <span class='ocrx_word' id='word_1_325' title='bbox 608 2173 854 2224; x_wconf 75' lang='lat' dir='ltr'>reservavit,</span> <span class='ocrx_word' id='word_1_326' title='bbox 889 2175 1065 2226; x_wconf 82' lang='lat' dir='ltr'>quaerat</span> <span class='ocrx_word' id='word_1_327' title='bbox 1096 2187 1181 2213; x_wconf 88' lang='lat' dir='ltr'>non</span> <span class='ocrx_word' id='word_1_328' title='bbox 1214 2173 1363 2225; x_wconf 89' lang='lat' dir='ltr'>solum,</span> <span class='ocrx_word' id='word_1_329' title='bbox 1397 2187 1517 2227; x_wconf 88' lang='lat' dir='ltr'>quem</span> 
     </span>
    </p>

    <p class='ocr_par' dir='ltr' id='par_1_6' title="bbox 189 2231 1516 2286">
     <span class='ocr_line' id='line_1_43' title="bbox 189 2231 1516 2286; baseline 0.002 -17"><span class='ocrx_word' id='word_1_330' title='bbox 189 2231 240 2271; x_wconf 79' lang='lat' dir='ltr'>ad</span> <span class='ocrx_word' id='word_1_331' title='bbox 279 2232 451 2272; x_wconf 82' lang='lat' dir='ltr'>niodum</span> <span class='ocrx_word' id='word_1_332' title='bbox 490 2235 638 2272; x_wconf 81' lang='lat' dir='ltr'>nostro</span> <span class='ocrx_word' id='word_1_333' title='bbox 678 2231 861 2283; x_wconf 87' lang='lat' dir='ltr'>crimini,</span> <span class='ocrx_word' id='word_1_334' title='bbox 904 2246 1047 2271; x_wconf 82' lang='lat' dir='ltr'>verum</span> <span class='ocrx_word' id='word_1_335' title='bbox 1087 2231 1232 2280; x_wconf 83' lang='lat' dir='ltr'>etiam,</span> <span class='ocrx_word' id='word_1_336' title='bbox 1274 2246 1356 2284; x_wconf 86' lang='lat' dir='ltr'>quo</span> <span class='ocrx_word' id='word_1_337' title='bbox 1394 2234 1516 2286; x_wconf 84' lang='lat' dir='ltr'>pacto</span> 
     </span>
    </p>
   </div>
   <div class='ocr_carea' id='block_1_6' title="bbox 1572 0 1595 605">
    <p class='ocr_par' dir='ltr' id='par_1_7' title="bbox 1572 0 1595 605">
     <span class='ocr_line' id='line_1_44' title="bbox 1572 0 1595 605; baseline 0 1979"><span class='ocrx_word' id='word_1_338' title='bbox 1572 0 1595 605; x_wconf 95' lang='lat' dir='ltr'> </span> 
     </span>
    </p>
   </div>
   <div class='ocr_carea' id='block_1_7' title="bbox 1576 874 1588 983">
    <p class='ocr_par' dir='ltr' id='par_1_8' title="bbox 1576 874 1588 983">
     <span class='ocr_line' id='line_1_45' title="bbox 1576 874 1588 983; textangle 90"><span class='ocrx_word' id='word_1_339' title='bbox 1576 874 1588 983; x_wconf 46' lang='grc' dir='ltr'>ῥι-ᾲ.-</span> 
     </span>
    </p>
   </div>
   <div class='ocr_carea' id='block_1_8' title="bbox 1558 969 1564 1528">
    <p class='ocr_par' dir='ltr' id='par_1_9' title="bbox 1558 969 1564 1528">
     <span class='ocr_line' id='line_1_46' title="bbox 1558 969 1564 1528; baseline 0 0"><span class='ocrx_word' id='word_1_340' title='bbox 1558 969 1564 1528; x_wconf 95' lang='lat' dir='ltr'> </span> 
     </span>
    </p>
   </div>
   <div class='ocr_carea' id='block_1_9' title="bbox 0 2512 1618 2584">
    <p class='ocr_par' dir='ltr' id='par_1_10' title="bbox 0 2512 1618 2584">
     <span class='ocr_line' id='line_1_47' title="bbox 0 2512 1618 2584; baseline 0 0"><span class='ocrx_word' id='word_1_341' title='bbox 0 2512 1618 2584; x_wconf 95' lang='lat' dir='ltr'> </span> 
     </span>
    </p>
   </div>
  </div>
 </body>
</html>
