1618 2584
397 228 556 263 LIB.1V
603 228 705 271 CAR
735 233 869 263 14-16
896 232 914 270 ξ
939 232 983 263 32
999 232 1088 263 -36.
1325 229 1408 270 377

75 325 202 366 rebus
227 324 484 380 intellegens
511 339 614 379 esse,
640 327 688 366 ut
712 338 847 378 nuper
871 321 1029 378 (videte
1055 323 1241 364 hominis
1271 339 1411 365 amen-

74 383 219 438 tiam),
274 386 556 438 posteaquam
606 386 672 424 est
723 382 1125 436 conperendinatus,
1179 396 1274 422 cum
1323 382 1411 422 iam

74 455 150 497 pro
178 441 379 483 damnato
410 445 664 495 mortuoque
697 443 820 493 esset,
853 440 962 480 ludis
995 439 1254 486 circensibus
1286 454 1410 480 mane

74 497 187 554 apud
235 499 281 541 L.
326 499 567 552 Sisennam,
615 500 754 539 virum
804 498 1075 552 primarium,
1123 512 1220 540 011111
1269 500 1412 539 0550111,

38 558 262 600 striclinia
310 561 448 604 strata
497 559 807 611 argentumque
852 556 1091 610 expositum
1135 556 1180 598 in
1224 557 1412 611 aedibus,

72 631 168 657 cum
200 631 278 670 pro
311 616 521 670 dignitate
548 615 593 656 L.
619 613 822 655 Sisennae
855 614 1004 656 domus
1037 617 1151 657 esset
1181 615 1309 670 plena
1339 616 1412 657 ho-

72 674 235 723 minum
273 673 692 727 honestissimorum,
730 674 910 728 accessit
947 674 1000 715 ad
1036 674 1282 729 argentum,
1318 689 1413 716 con-
1470 693 1473 695 ·

72 732 273 786 templati
311 746 442 786 unum
480 732 665 786 quidque
704 731 841 773 otiose
878 734 922 773 et
959 733 1227 774 considerare
1259 733 1411 787 coepit.

70 790 221 832 Mirari
247 791 478 844 stultitiam
505 790 590 844 alii,
624 790 737 844 quod
765 791 809 831 in
839 790 934 845 ipso
966 791 1121 833 iudicio
1155 792 1243 834 eius
1275 791 1410 846 ipsius

23 865 52 905 ¹⁰.
72 849 337 903 cupiditatis,
376 849 494 890 cuius
526 849 866 903 insimularetur,
904 850 1192 905 suspicionem
1224 854 1412 906 augeret,

71 908 146 949 alii
190 908 440 961 amentiam,
483 908 550 950 cui
593 908 971 962 conperendinato,
1016 923 1111 950 cum
1155 912 1247 952 tam
1284 910 1412 951 multi

69 969 204 1008 testes
231 966 450 1019 dixissent,
483 967 710 1021 quicquam
736 967 911 1008 illorum
939 968 1105 1009 veniret
1135 967 1181 1009 in
1212 971 1412 1010 mentem.

71 1024 198 1067 Pueri
236 1029 379 1067 autem
411 1025 631 1080 Sisennae,
669 1026 810 1079 credo,
849 1026 921 1080 qui
953 1026 1189 1081 audissent,
1228 1041 1335 1081 quae
1367 1028 1412 1068 in

69 1084 202 1126 istum
227 1085 476 1126 testimonia
502 1087 646 1133 essent
671 1085 796 1137 dicta,
829 1086 974 1126 oculos
1002 1086 1051 1126 de
1082 1086 1167 1127 isto
1198 1100 1412 1140 nusquam

18 1158 50 1184 15
71 1143 233 1184 deicere
258 1158 395 1198 neque
422 1144 475 1185 ab
503 1146 683 1198 argento
710 1144 893 1198 digitum
924 1144 1147 1186 discedere.
1198 1144 1279 1186 Est
1312 1145 1412 1187 boni

70 1202 220 1243 iudicis
247 1202 392 1257 parvis
420 1217 469 1243 ex
495 1203 622 1243 rebus
648 1202 934 1244 coniecturam
961 1204 1099 1244 facere
1125 1203 1250 1245 unius
1277 1205 1412 1245 cuius-

70 1275 150 1314 que
182 1264 224 1302 et
258 1257 581 1314 cupiditatis'et
612 1261 912 1303 continentiae.
974 1260 1055 1310 Qui
1087 1276 1202 1316 reus,
1241 1265 1283 1304 et
1315 1277 1411 1304 10115

70 1319 165 1374 lege
197 1320 611 1374 comperendinatus,
641 1334 687 1361 re
719 1322 762 1361 et
794 1320 991 1373 opinione
1022 1320 1246 1362 hominum
1278 1336 1412 1374 paene

71 1378 316 1432 damnatus,
351 1381 591 1435 temperare
622 1393 709 1420 non
740 1379 948 1433 potuerit,
980 1379 1167 1421 maximo
1200 1384 1412 1421 conventu

18 1453 51 1479 20
71 1437 174 1491 quin
205 1436 250 1478 L.
278 1436 482 1479 Sisennae
520 1440 748 1492 argentum
785 1440 995 1479 tractaret
1032 1441 1076 1480 et
1110 1438 1412 1494 consideraret,

69 1495 181 1537 hunc
207 1499 452 1550 praetorem
476 1496 522 1537 in
547 1496 768 1550 provincia
794 1497 1020 1550 quisquam
1038 1498 1221 1551 'putabit
1248 1513 1272 1539 a
1298 1496 1412 1539 Sicu-

68 1555 209 1596 lorum
248 1558 429 1610 argento
469 1555 748 1609 cupiditatem
787 1558 861 1595 aut
898 1570 1050 1597 manus
1088 1556 1305 1598 abstinere
1339 1572 1412 1612 po-

67 1613 232 1655 tuisse?

157 1672 318 1713 Veium
361 1673 426 1714 uti
462 1648 732 1727 Lilybaeum,
775 1673 885 1714 unde
924 1672 1119 1728 digressa·
1156 1676 1222 1715 est
1261 1674 1411 1729 oratio,

17 1746 50 1773 ²5
69 1734 328 1785 rever,tatur
365 1731 538 1773 Diocles
571 1734 653 1784 est,
692 1730 910 1786 Pamphili
942 1746 1089 1787 genei,
1120 1732 1238 1774 illius
1271 1748 1296 1774 a
1328 1748 1411 1788 quo

1437 1153 1482 1184 34

1428 1655 1482 1695 16

1437 1700 1498 1737 35'

69 1784 223 1844 hydria
248 1791 396 1832 ablata
428 1794 504 1844 est,
535 1765 731 1845 Popilius
763 1790 1030 1846 cognomine.
1074 1790 1144 1832 Ab
1176 1791 1258 1833 hoc
1290 1791 1442 1834 abaci·

69 1863 174 1890 vasa
212 1849 373 1903 omnia,
410 1852 460 1890 ut
497 1849 692 1904 exposita
728 1849 919 1904 fuerunt,
958 1849 1151 1891 abstulit.
1207 1849 1335 1892 Dicat
1367 1865 1411 1892 se

69 1907 171 1959 licet
209 1908 380 1961 emisse3
418 1908 575 1949 etenim
613 1908 682 1950 hic
718 1911 896 1963 propter
933 1909 1275 1964 magnitudinem
1307 1910 1412 1951 furti

71 1969 187 2021 sunt,
224 1969 273 2009 ut
310 1967 478 2022 opinor,
516 1967 687 2009 litterae
724 1967 877 2009 factae.
931 1967 1064 2012 Iussit
1095 1967 1411 2010 Timarchidem

18 2040 50 2066 30
71 2026 299 2075 aestimare
321 2028 561 2082 argentum,
588 2040 671 2080 quo
692 2026 818 2068 modo
841 2025 914 2080 qui
932 2041 1133 2080 umquam
1161 2027 1412 2079 tenuissime

68 2084 113 2125 111
157 2084 432 2126 donationem
469 2084 730 2126 histrionum
769 2085 1026 2126 aestimavit.
1095 2085 1287 2127 Tametsi
1324 2086 1411 2127 iam
1463 2132 1469 2139 ,

69 2142 226 2185 dudum
259 2158 339 2199 ego
373 2142 486 2197 erro,
523 2143 595 2197 qui
623 2146 717 2184 tam
749 2143 888 2185 multa
920 2143 969 2184 de
1001 2144 1088 2186 tuis
1120 2144 1411 2199 emptionibus

68 2202 200 2244 verba
224 2201 381 2244 faciam
407 2206 450 2244 et
482 2208 696 2256 q‘uaeiam,
727 2205 871 2243 utrum
905 2203 1056 2243 01110115
1088 2217 1219 2244 necne
1252 2207 1295 2244 et
1327 2217 1411 2256 quo

62 2255 194 2303 m'odo
221 2264 265 2303 et
291 2262 442 2316 quanti
468 2261 632 2315 emeris,
658 2261 771 2315 quod
796 2261 927 2303 verbo
954 2262 1195 2318 transigere
1224 2277 1411 2316 possum.

16 2335 50 2361 35
68 2319 158 2361 Ede
196 2320 304 2361 mihi
341 2320 566 2375 scriptum,
605 2319 705 2374 quid
738 2320 907 2375 argenti
938 2320 983 2361 in
1013 2320 1233 2387 provincia
1265 2319 1411 2363 Sicilia

30 2379 253 2435 pararis,
290 2379 401 2421 unde
441 2379 625 2434 quidque
664 2382 738 2420 aut
776 2355 948 2435 quanti
964 2380 1129 2421 emeris.
1191 2379 1301 2427 Quid
1332 2379 1410 2421 fit?

70 2435 338 2492 Quamquam
370 2453 457 2481 non
489 2438 698 2480 debebam
730 2452 810 2493 ego
843 2438 920 2479 abs
952 2440 994 2479 te
1026 2439 1105 2480 1105
1137 2438 1306 2480 litteras
1337 2453 1410 2492 po-

1435 2387 1536 2421 38.
