1618 2584
347 21 436 55 ΜΒ.
464 21 479 55 1
530 21 628 56 CAP.
656 25 746 57 G—8
773 25 792 64 ἓ
821 25 967 56 15—21.
1254 20 1335 60 147

0 117 264 160 accusatione
304 130 450 158 eorum
488 116 700 158 industria
732 131 780 158 ac
812 116 1037 172 diligentia
1067 116 1333 170 probaretur.

0 176 63 218 [ta
99 175 225 217 reieci
262 175 440 228 iudices,
477 179 525 217 ut
562 175 643 217 hoc
674 179 858 230 constet,
895 177 995 229 post
1025 175 1137 216 hunc
1170 177 1332 216 statum

0 235 56 276 rei
100 234 314 288 publicae,
359 248 442 288 quo
486 248 597 276 nunc
634 234 813 288 utimur,
857 234 989 275 simili
1027 234 1251 288 splendore
1291 237 1332 275 et

0 293 206 349 dignitate
233 292 459 334 consilium
485 293 653 334 nullum
683 293 828 334 fuisse.
878 292 1016 342 Quam
1047 292 1129 333 iste
1162 292 1333 333 laudem

0 366 263 395 communem
297 351 379 392 sibi
412 352 473 393 ait
505 365 596 393 esse
629 366 812 406 mecum,
846 352 918 406 qui
950 366 1046 393 cum
1076 351 1121 392 P.
1148 350 1333 392 Galbam

0 411 174 453 iudicem
199 409 428 465 reiecisset,
460 410 515 451 M.
541 409 788 451 Lucretium
819 410 998 451 retinuit
1029 412 1083 463 et,
1114 424 1208 452 cum
1242 410 1331 451 eius

0 472 200 525 patronus
240 483 288 509 ex
327 483 375 510 eo
421 471 660 522 quaereret,
706 483 780 509 cur
818 483 917 510 suos
957 468 1332 521 familiarissimos,

0 528 86 571 Sex.
105 527 384 581 Peducaeum,
416 526 463 576 Q.
484 526 745 581 Considium,
777 526 824 575 Q.
844 527 1014 568 Iunium
1047 527 1148 568 reici
1180 541 1332 581 passus

0 589 124 639 esset,
161 586 400 641 respondit,
444 586 557 640 quod
594 600 666 627 eos
703 586 749 626 in
784 585 1009 627 iudicando
1047 586 1228 627 nimium
1268 586 1332 627 sui

0 645 98 687 iuris
119 644 441 699 sententiaeque
464 647 703 699 cognosset.
749 643 899 698 Itaque
925 644 1136 686 iudicibus
1163 644 1331 686 reiectis

0 704 221 759 sperabam
240 704 326 745 iam
348 717 455 745 onus
475 717 618 744 meum
638 703 859 744 vobiscum
881 717 972 744 esse
993 717 1234 756 commune3
1256 718 1332 756 pu-

0 763 141 805 tabam
177 776 264 804 non
299 762 438 803 solum
467 762 601 814 notis,
640 762 713 802 sed
746 761 876 803 etiam
907 762 1069 817 ignotis
1102 762 1332 816 probatam

0 836 133 863 meam
173 821 301 862 fidem
340 835 431 862 esse
470 823 513 862 et
550 820 830 876 diligentiam.
893 819 1015 869 Quod
1053 835 1120 861 me
1158 835 1246 862 non
1274 820 1333 862 fe-

0 880 122 934 fellit3
154 895 256 922 nam
286 879 471 922 comitiis
504 879 628 932 meis,
661 894 756 920 cum
787 879 870 921 iste
901 879 1071 920 infinita
1101 879 1332 933 largitione

0 942 143 982 contra
168 953 236 980 me
267 941 471 992 uteretur,
502 939 687 993 populus
719 937 939 980 Romanus
971 937 1176 979 iudicavit
1206 938 1332 979 istius

0 998 234 1053 pecuniam,
277 1012 385 1052 quae
429 997 542 1052 apud
585 1011 652 1038 me
691 1000 841 1039 contra
878 997 1006 1038 fidem
1044 1011 1184 1038 meam
1222 997 1332 1037 m’hil

0 1057 221 1112 potuisset,
254 1056 366 1110 apud
393 1070 437 1097 se
470 1060 620 1098 contra
651 1056 859 1097 honorem
891 1070 1034 1097 meum
1065 1056 1174 1096 nihil
1207 1070 1332 1108 posse

0 1116 156 1158 debere.
219 1114 310 1164 Quo
349 1115 520 1169 quidem
558 1115 624 1156 die
661 1114 865 1168 primum,
908 1114 1086 1166 iudices,
1129 1114 1252 1155 citati
1288 1114 1334 1155 in

0 1174 104 1217 hunc
140 1189 260 1216 reum
298 1174 570 1228 consedistis,
608 1173 702 1227 quis
736 1175 829 1215 tam
858 1173 1031 1227 iniquus
1062 1173 1162 1214 huic
1194 1172 1333 1214 ordini

0 1232 87 1286 fuit,
119 1233 214 1288 quis
240 1235 330 1274 tam
356 1247 566 1274 novarum
591 1246 746 1286 rerum,
777 1232 1031 1273 iudiciorum
1062 1231 1332 1286 iudicumque

0 1292 186 1347 cupidus,
224 1291 296 1346 qui
328 1306 417 1333 non
448 1294 624 1346 aspectu
655 1305 941 1346 consessuque
972 1293 1115 1332 vestro
1149 1305 1333 1332 commo-

0 1351 191 1393 veretur?
237 1348 344 1392 Cum
364 1350 409 1391 in
429 1365 478 1392 eo
504 1353 648 1391 vestra
675 1350 862 1405 dignitas
890 1349 996 1390 mihi
1021 1349 1210 1391 fructum
1237 1349 1332 1390 dili-

0 1410 164 1466 gentiae
195 1409 390 1463 referret,
425 1409 469 1450 id
501 1424 595 1450 sum
628 1411 866 1463 assecutus,
897 1411 946 1450 ut
976 1423 1062 1449 una
1091 1408 1217 1463 hora,
1249 1423 1334 1462 qua

0 1469 112 1523 coepi
144 1468 298 1519 dicere,
336 1482 409 1510 reo
442 1468 609 1521 audaci,
646 1467 894 1522 pecunioso,
932 1467 1126 1521 profuso,
1163 1467 1331 1522 perdito

0 1542 110 1583 spem
147 1527 293 1569 iudicii
331 1526 629 1580 corrumpendi
666 1526 971 1580 praeciderem,
1008 1528 1057 1567 ut
1094 1525 1232 1580 primo
1267 1526 1333 1566 die

0 1586 166 1629 testium
204 1588 328 1628 tanto
366 1600 544 1627 numero
583 1585 715 1627 citato
754 1585 938 1639 populus
970 1584 1189 1626 Romanus
1225 1584 1333 1625 iudi-

0 1648 108 1688 caret
132 1645 217 1687 isto
246 1645 444 1687 absoluto
477 1659 568 1686 rem
599 1643 817 1699 publicam
849 1646 964 1684 stare
996 1657 1082 1684 non
1113 1658 1253 1698 posse,
1284 1648 1333 1684 ut

0 1704 102 1746 alter
146 1704 234 1745 dies
280 1703 428 1745 amicis
471 1703 597 1745 istius
643 1718 691 1745 ac
736 1702 1032 1744 defensoribus
1075 1717 1163 1743 non
1206 1702 1331 1743 modo

0 1777 109 1818 spem
163 1763 386 1815 victoriae,
443 1762 516 1804 sed
567 1762 697 1804 etiam
751 1761 1021 1803 voluntatem
1073 1760 1332 1802 defensionis

0 1822 195 1876 auferret,
226 1825 275 1863 ut
300 1821 453 1863 tertius
483 1821 571 1862 dies
605 1821 665 1862 sic
696 1820 915 1862 hominem
946 1822 1254 1875 prosterneret,
1285 1823 1334 1861 ut

0 1881 141 1923 morbo
175 1881 397 1935 simulato,
434 1895 522 1922 non
554 1879 655 1934 quid
686 1879 980 1933 responderet,
1016 1879 1090 1920 sed
1123 1893 1247 1933 quem
1281 1879 1334 1919 ad

0 1940 164 1982 modum
200 1954 288 1982 non
322 1939 619 1994 responderet,
657 1938 932 1991 deliberaret3
972 1937 1121 1978 deinde
1153 1937 1332 1991 reliquis

0 1998 138 2041 diebus
164 1998 233 2040 his
267 1998 529 2052 criminibus,
561 1997 629 2038 his
660 1997 845 2038 testibus
878 1998 921 2038 et
952 1995 1128 2037 urbanis
1162 1998 1204 2037 et
1234 2011 1333 2049 pro-

0 2057 245 2099 vincialibus
289 2057 350 2099 sic
395 2057 575 2099 obrutus
617 2058 746 2110 atque
784 2069 1014 2110 oppressus
1054 2057 1134 2109 est,
1179 2057 1227 2096 ut
1264 2054 1331 2096 his

0 2114 188 2158 ludorum
226 2116 374 2158 diebus
412 2115 682 2169 interpositis
719 2129 845 2155 nemo
876 2113 1009 2155 istum
1041 2113 1332 2168 comperendi-

0 2176 159 2230 natum,
191 2175 265 2217 sed
297 2175 629 2217 condemnatum
661 2173 880 2215 iudicaret.

79 2232 350 2289 Quapropter
376 2247 468 2289 ego,
505 2233 618 2288 quod
645 2232 697 2274 ad
729 2247 796 2273 me
829 2231 997 2285 attinet,
1028 2230 1202 2285 iudices,
1233 2230 1331 2285 vici3

979 2302 1050 2333 10²⁵

1362 183 1402 213 18

1361 652 1401 683 19

1358 1362 1403 1392 20

1359 2209 1383 2249 8

1358 2261 1401 2292 21
