1618 2584
141 200 229 240 410
542 199 592 234 IN
619 199 655 235 C.
685 199 887 233 VERREM
911 198 1015 234 ACT.
1042 199 1076 232 Π

144 295 417 336 Hennensem
439 294 637 337 Cererem
664 295 848 336 maxime
875 295 1034 335 colunt.
1084 293 1259 335 Etenim
1290 294 1325 335 si
1351 294 1483 335 Athe-

144 354 355 395 niensium
386 369 506 395 sacra
533 368 700 394 summa
726 353 959 406 cupiditate
987 355 1257 406 expetuntur,
1291 352 1343 393 ad
1377 367 1482 406 quos

144 412 272 454 Ceres
298 413 343 453 in
368 413 445 454 illo
473 426 615 453 errore
640 412 807 453 venisse
835 411 989 452 dicitur
1013 410 1244 466 frugesque
1272 411 1483 463 attulisse,

145 474 351 525 quantam
390 485 482 512 esse
514 470 767 525 religionem
799 470 998 512 convenit
1030 484 1194 523 eorum,
1233 470 1345 523 apud
1377 484 1483 524 quos

146 545 239 571 eam
274 533 423 571 natam
456 543 548 570 esse
581 532 623 570 et
654 529 800 584 fruges
834 528 1047 570 invenisse
1080 531 1278 570 constat?
1333 528 1485 582 Itaque
1506 545 1521 570 5

146 589 259 644 apud
302 591 446 642 patres
491 590 664 629 nostros
710 587 845 629 atroci
890 602 937 629 ac
983 587 1146 629 difficili
1187 587 1248 628 rei
1290 587 1486 640 publicae

145 650 357 701 tempore,
396 661 492 687 cum
530 646 593 687 Ti.
621 646 814 687 Graccho
854 646 991 688 occiso
1031 660 1287 701 magnorum
1326 646 1487 699 pericu-

145 707 287 747 lorum
326 708 465 746 metus
505 719 554 746 ex
594 706 775 746 ostentis
814 705 1158 759 portenderetur,
1194 704 1239 745 P.
1268 703 1407 746 Mucio
1440 703 1486 744 L.
1590 742 1593 775 J

147 763 381 817 Calpurnio
408 763 655 805 consulibus
689 763 851 805 aditum
886 766 951 804 est
984 763 1036 804 ad
1069 763 1204 804 libros
1234 761 1487 817 Sibyllinos3
1590 780 1594 800 1

147 837 196 864 ex
237 823 391 876 quibus
428 822 651 864 inventum
692 825 758 863 est
789 821 987 864 Cererem
1021 822 1367 876 antiquissimam
1400 822 1487 874 pla·
1509 838 1539 862 10
1591 824 1618 896 'J

146 881 235 923 cari
280 883 490 936 oportere.
558 880 666 922 Tum
710 896 759 922 ex
798 881 1064 935 amplissimo
1103 881 1286 935 collegio
1325 880 1488 921 decem—
1592 912 1594 927 ,

146 940 273 981 virali
310 940 553 981 sacerdotes
592 940 742 995 populi
779 939 982 993 Romani,
1019 954 1113 981 cum
1153 942 1266 980 esset
1302 940 1347 980 in
1384 939 1488 980 urbe

145 1001 296 1040 nostra
335 998 501 1040 Cereris
546 999 883 1054 pulcherrimum
927 1001 970 1039 et
1014 998 1489 1053 magnificentissimum
1587 999 1589 1062 J

1588 1067 1589 1087 1

1588 1118 1590 1140 l

1589 1151 1590 1170 1

146 1058 370 1112 templum,
403 1060 550 1099 tamen
578 1072 711 1111 usque
738 1057 936 1098 Hennam
969 1056 1149 1111 profecti
1181 1060 1293 1098 sunt.
1349 1056 1489 1097 Tanta
1588 1104 1589 1116 ἶ

147 1119 240 1157 erat
279 1116 391 1156 enim
431 1117 666 1158 auctoritas
701 1119 743 1157 et
774 1119 967 1157 vetustas
1000 1116 1117 1157 illius
1150 1116 1391 1170 religionis,
1430 1118 1489 1169 ut,
1511 1132 1542 1156 15

148 1190 242 1217 cum
274 1175 378 1216 illuc
409 1175 534 1228 irent,
566 1190 652 1217 non
685 1175 737 1216 ad
770 1175 917 1216 aedem
950 1174 1128 1228 Cereris,
1160 1174 1234 1215 sed
1267 1175 1319 1215 ad
1350 1174 1490 1229 ipsam

81 1241 144 1272 109
172 1233 371 1275 Cererem
393 1234 605 1287 proficisci
626 1234 883 1275 viderentur.
927 1232 1025 1274 Non
1047 1233 1282 1287 optundam
1314 1233 1490 1286 diutius3

149 1292 308 1334 etenim
346 1292 432 1333 iam
472 1293 630 1334 dudum
668 1307 834 1345 vereor,
872 1307 924 1333 ne
964 1292 1103 1333 oratio
1137 1307 1231 1333 mea
1264 1292 1404 1333 aliena
1436 1292 1489 1332 ab
1590 1289 1592 1319 1

147 1351 402 1393 iudiciorum
429 1352 596 1393 ratione
623 1354 666 1392 et
693 1367 717 1392 a
742 1351 959 1393 cotidiana
988 1351 1152 1392 dicendi
1185 1351 1490 1392 consuetudine
1592 1362 1593 1399 1

149 1424 241 1451 esse
280 1410 487 1451 videatur.
549 1410 644 1452 Hoc
683 1410 793 1464 dico,
831 1410 942 1452 hanc
979 1410 1118 1464 ipsam
1152 1408 1350 1451 Cererem
1383 1410 1490 1451 anti·
1510 1426 1542 1451 20
1592 1422 1618 1447 >a

149 1469 419 1523 quissimam,
470 1469 863 1524 religiosissimam,
906 1468 1143 1523 principem
1188 1469 1379 1509 omnium
1424 1483 1490 1510 sa-

149 1542 337 1580 crorum,
380 1541 487 1580 quae
527 1528 640 1582 apud
678 1542 824 1568 omnes
864 1530 1014 1582 gentes
1052 1528 1333 1581 nationesque
1370 1528 1491 1581 fiunt,

149 1600 174 1626 a
206 1584 251 1626 C.
272 1585 406 1625 Verre
440 1600 489 1626 ex
523 1586 610 1627 suis
643 1586 818 1640 templis
852 1600 901 1627 ac
932 1586 1104 1626 sedibus
1137 1600 1228 1626 esse
1261 1586 1489 1627 sublatam.

149 1642 230 1692 Qui
268 1644 509 1684 accessistis
547 1643 764 1697 Hennam,
802 1644 971 1685 vidistis
1011 1644 1288 1685 simulacrum
1324 1643 1490 1686 Cereris

149 1717 170 1743 e
215 1717 428 1743 marmore
472 1704 515 1743 et
558 1702 603 1743 in
647 1703 784 1743 altero
829 1703 992 1756 templo
1033 1702 1224 1743 Liberae.
1289 1701 1397 1743 Sunt
1441 1717 1490 1744 ea
1510 1718 1543 1743 25

149 1761 374 1815 perampla
412 1762 541 1814 atque
579 1761 819 1815 praeclara,
859 1761 931 1801 secl
962 1775 1049 1802 non
1080 1762 1142 1802 ita
1174 1762 1363 1815 antiqua.
1425 1761 1491 1802 Ex
1597 1766 1598 1775 ¹

150 1833 246 1861 aere
290 1819 373 1860 fuit
415 1819 627 1873 quoddam
666 1819 833 1860 modica
871 1819 1154 1873 amplitudine
1193 1834 1241 1861 ac
1280 1820 1491 1876 singulari

150 1892 277 1932 opere
298 1892 393 1919 cum
417 1878 582 1918 facibus
610 1878 924 1932 perantiquum,
952 1878 1142 1919 omnium
1168 1878 1355 1932 illorum,
1383 1893 1490 1933 quae

151 1939 251 1977 sunt
288 1936 332 1976 in
371 1950 419 1977 eo
457 1936 576 1990 fano,
621 1937 758 1977 multo
798 1936 1158 1990 antiquissimum.
1226 1937 1275 1978 Id
1315 1938 1491 1979 sustulit

82 2002 147 2033 110
174 2009 222 2037 ac
251 1997 397 2035 tamen
423 2009 472 2036 eo
499 1997 724 2037 contentus
751 2009 838 2036 non
863 1995 957 2036 fuit.
1008 1995 1122 2036 Ante
1150 1995 1296 2037 aedem
1324 1995 1490 2037 Cereris
1510 2012 1544 2037 30
1600 2036 1601 2041 ,

149 2054 193 2094 111
233 2056 382 2108 aperto
423 2068 471 2095 ac
506 2054 737 2109 propatulo
770 2054 863 2096 1000
897 2054 1022 2108 signa
1054 2054 1135 2096 duo
1169 2057 1286 2108 sunt,
1325 2053 1490 2096 Cereris

148 2127 299 2166 unum,
332 2113 516 2153 alterum
549 2112 823 2167 Triptolemi,
856 2112 1145 2167 pulcherrima
1178 2128 1226 2155 ac
1257 2114 1491 2168 perampla.

148 2170 430 2212 Pulchritudo
452 2171 655 2226 periculo)
681 2171 917 2226 amplitudo
940 2172 1071 2212 saluti
1090 2172 1184 2225 fuit,
1211 2172 1324 2226 quod
1345 2187 1492 2214 eorum

150 2230 371 2271 demolitio
406 2233 535 2284 atque
568 2230 806 2284 asportatio
839 2230 1102 2285 perdifficilis
1135 2230 1372 2272 videbatur.
1422 2230 1492 2272 In-

151 2289 333 2330 sistebat
370 2289 414 2329 in
453 2304 582 2330 manu
621 2288 786 2330 Cereris
826 2290 975 2330 dextra
1013 2289 1174 2344 grande
1213 2289 1490 2331 simulacrum
1511 2304 1543 2330 35
1603 2304 1604 2313 ¹

149 2347 438 2401 pulcherrime
463 2348 625 2389 factum
641 2347 877 2401 Victoriae3
908 2348 990 2389 hoc
1015 2348 1097 2389 iste
1124 2362 1145 2389 e
1179 2347 1302 2403 signo
1326 2348 1491 2390 Cereris

151 2406 422 2448 avellendum
455 2407 847 2461 asportandumque
881 2406 1058 2447 curavit.
