1618 2584
116 400 180 430 5430
209 386 251 429 C.
283 386 430 427 Verris
470 389 657 427 statuam
698 386 895 427 viderem.
958 385 1079 433 Quod
1111 389 1392 440 posteaquam
1427 387 1523 441 dixi,

116 1366 170 1405 ω
185 1332 329 1370 torum
362 1328 578 1369 voluntati
612 1331 653 1368 et
686 1328 817 1368 saluti
850 1327 1019 1369 Siciliae
1053 1327 1300 1369 defuissent.

117 1417 183 1447 140
274 1387 362 1429 Ubi
406 1402 553 1428 eorum
598 1387 789 1427 dolorem
830 1401 878 1427 ex
917 1387 1032 1427 illius
1071 1386 1236 1427 iniuriis
1275 1401 1361 1427 non
1400 1386 1527 1427 modo

183 232 269 273 4⁶22
578 231 627 265 ΙΝ
655 232 691 265 e.
719 231 921 265 VERREM
948 231 1052 267 Aer.
1078 232 1121 266 11.

184 328 363 369 Verrem
403 328 700 369 decerneretur
738 327 781 367 in
821 342 870 368 ea
907 328 1041 381 curia,
1079 328 1123 368 in
1162 343 1245 382 qua
1279 329 1523 369 inauratam

184 448 330 487 tantus
359 449 423 486 est
451 445 636 499 gemitus
663 443 802 486 sactus
830 445 1034 499 adspectu
1068 447 1237 486 statuae
1270 448 1312 486 et
1344 460 1523 487 comme-

184 505 442 557 moratione,
486 506 534 544 ut
578 503 685 543 illud
729 504 773 544 in
817 504 934 545 curia
971 504 1159 558 positum
1200 507 1523 545 monumentum
1596 548 1599 556 Δ

185 564 409 617 scelerum,
452 577 538 604 non
579 562 882 603 beneficiorum
920 562 1147 604 videretur.
1216 562 1324 603 Tum
1364 578 1440 617 pro
1480 577 1559 604 se5
1597 558 1598 569 ¹

185 623 376 676 quisque,
409 624 617 675 quantum
644 621 818 662 dicendo
853 621 1028 675 adsequi
1061 624 1244 674 poterat,
1277 621 1425 663 docere
1458 636 1525 663 me

186 682 326 735 coepit
365 695 431 733 ea,
471 694 578 734 quae
611 680 740 733 paulo
774 683 872 721 ante
905 680 1254 733 commemoravi,
1294 681 1524 735 spoliatam

185 740 352 792 urbem,
397 739 498 780 sana
544 738 727 793 direpta,
773 738 823 780 de
860 738 1052 780 Heraclii
1096 739 1352 793 hereditate,
1398 754 1524 793 quam

186 798 450 852 palaestritis
472 797 764 851 concessisset,
785 798 921 839 multo
944 798 1174 839 maximam
1196 801 1363 852 partem
1385 798 1525 852 ipsum
1596 834 1597 839 ,

186 857 434 909 abstulisse3
478 871 615 910 neque
654 857 959 911 postulandum
999 857 1147 911 tuisse,
1189 860 1236 897 ut
1273 857 1347 897 ille
1386 858 1525 911 palae·
1547 871 1578 896 10

186 916 336 957 stritas
365 916 575 970 diligeret,
607 916 679 968 qui
706 916 836 956 etiam
864 916 1130 957 inventorem
1165 916 1247 956 olei
1281 916 1405 956 deum
1439 930 1526 956 sus-

185 976 376 1029 tulisset3
409 990 544 1028 neque
570 974 692 1015 illam
720 977 907 1015 statuam
936 989 1027 1015 esse
1060 989 1109 1015 ex
1144 974 1322 1028 pecnnia
1354 975 1526 1028 publica

185 1049 322 1088 neque
363 1034 532 1088 publice
572 1033 734 1086 datam,
780 1034 852 1074 sed
891 1048 981 1085 eos,
1027 1033 1098 1086 qui
1135 1033 1387 1074 hereditabis
1428 1033 1526 1074 diri-

186 1093 364 1147 piendae
397 1093 629 1147 participes
661 1092 862 1145 fuissent,
896 1092 1135 1134 faciendam
1169 1092 1526 1146 statuendamque

186 1167 375 1204 curasse3
408 1151 579 1192 eosdem
606 1151 768 1192 Romae
794 1151 927 1192 fuisse
954 1152 1134 1206 legatos,
1166 1151 1283 1192 illius
1312 1151 1525 1192 adiutores
1549 1164 1579 1190 15

185 1211 500 1266 improbitatis,
548 1211 686 1251 socios
730 1209 962 1264 furtorum,
1007 1210 1200 1251 conscios
1244 1210 1526 1265 flagitiorum,

186 1285 235 1312 eo
274 1271 414 1310 minus
454 1269 598 1310 mirari
640 1284 706 1310 me
745 1272 960 1322 oportere,
1000 1269 1035 1309 si
1068 1269 1133 1309 illi
1166 1269 1380 1310 communi
1414 1269 1528 1324 lega—

186 1462 272 1488 non
316 1446 544 1498 minorem,
589 1446 660 1486 sed
699 1460 831 1499 prope
872 1446 1077 1486 maiorem
1118 1460 1246 1499 quain
1287 1444 1526 1486 Siculorum
1548 1444 1618 1491 2012

186 1510 425 1547 ceterorum
459 1519 551 1545 esse
584 1505 782 1560 cognovi,
818 1507 909 1545 tum
943 1519 1084 1545 meum
1118 1504 1307 1545 animum
1339 1504 1382 1545 in
1416 1504 1528 1557 illos,
1593 1497 1601 1566 l

186 1568 278 1605 tuin
324 1564 406 1605 mei
452 1563 620 1605 consilii
665 1563 913 1617 negotiique
955 1564 1088 1604 totius
1129 1563 1316 1617 suscepti
1355 1577 1527 1604 causam
1593 1570 1594 1573 ’

186 1624 485 1677 rationemque
506 1622 722 1676 proposui,
746 1625 838 1662 tum
860 1637 931 1663 eos
952 1622 1151 1663 hortatus
1175 1637 1280 1675 sum,
1307 1624 1355 1663 ut
1375 1636 1527 1663 causae

187 1682 403 1724 communi
432 1682 647 1735 salutique
672 1695 725 1722 ne
753 1681 961 1735 deessent,
993 1684 1041 1722 ut
1070 1681 1190 1722 illam
1224 1680 1527 1734 laudat-ionem,

187 1756 315 1796 quam
355 1755 399 1781 se
437 1741 480 1781 vi
518 1755 566 1782 ac
604 1743 721 1781 metu
760 1743 930 1781 coactos
969 1740 1115 1794 paucis
1154 1739 1241 1781 illis
1281 1740 1429 1780 diebus
1463 1739 1527 1780 de·
1548 1745 1617 1778 25}i

187 1815 324 1841 cresse
358 1800 569 1852 dicebant,
601 1799 816 1840 tollerent.
874 1798 1036 1853 Itaque,
1070 1799 1239 1852 iudices,
1272 1797 1528 1852 Syracusani
1592 1810 1593 1854 i

186 1859 291 1900 liaec
335 1858 515 1910 faciunt,
566 1858 691 1898 istius
737 1858 913 1899 clientes
959 1860 1087 1911 atque
1132 1858 1267 1899 amici,
1336 1857 1527 1898 Primum

187 1918 292 1958 mihi
324 1918 492 1958 litteras
526 1917 739 1971 publieaS,
776 1931 880 1970 quas
914 1916 957 1957 in
990 1917 1155 1957 aerario
1189 1916 1401 1957 sanctiore
1434 1930 1527 1957 con-

188 1976 299 2017 ditas
326 1976 557 2029 habebant,
589 1976 829 2030 proferunt3
862 1975 906 2016 in
933 1975 1087 2029 quibus
1115 1975 1346 2017 ostendunt
1373 1975 1528 2027 omnia,

188 2050 295 2090 quae
323 2035 409 2075 dixi
437 2036 584 2076 ablata
610 2049 713 2087 esse,
740 2034 978 2089 perscripta
1004 2038 1046 2074 et
1072 2035 1197 2089 plura
1224 2034 1366 2087 etiam,
1401 2048 1527 2087 quam
1546 2040 1615 2075 302i

188 2109 267 2149 ego
296 2094 417 2148 potui
445 2094 602 2147 dicere3
634 2093 874 2147 perscripta
907 2096 1050 2134 autem
1084 2094 1163 2135 hoc
1196 2093 1339 2134 modo:
1374 2091 1528 2140 ‘Quod
1591 2094 1592 2101 ’

188 2169 243 2194 ex
286 2153 406 2194 aede
445 2152 704 2193 Minervae
744 2152 836 2193 hoc
874 2154 923 2193 et
961 2152 1092 2193 illud
1132 2152 1354 2204 abesset,
1399 2151 1527 2205 quod

188 2226 245 2253 ex
272 2211 392 2252 aede
414 2212 570 2264 lovis,
598 2211 727 2265 quod
755 2225 809 2252 ex
837 2211 954 2252 aede
976 2210 1163 2251 Liberi’
1192 2234 1245 2239 —-
1274 2212 1322 2251 ut
1350 2210 1527 2264 quisque

186 2271 238 2312 iis
269 2271 396 2311 rebus
429 2270 597 2311 tuendis
631 2269 1017 2323 conservandisque
1048 2269 1311 2324 praefuerat,
1345 2269 1406 2310 ita
1437 2283 1528 2323 per-

188 2329 396 2384 scriptum
425 2331 518 2370 erat
547 2352 597 2359 -·
628 2328 750 2370 ‘cuni
781 2329 1035 2369 rationein
1063 2343 1083 2369 e
1111 2329 1223 2382 lege
1256 2327 1615 2368 redderentffl'vt

188 2390 407 2442 et,q11ae
435 2391 756 2441 acceperant,
789 2387 994 2428 tradere
1021 2387 1281 2439 deberent,
1315 2387 1526 2440 petisse,
1588 2378 1589 2405 l

186 2450 239 2487 nt
279 2447 396 2500 sibi,
443 2447 572 2500 quod
612 2461 697 2487 eae
736 2460 816 2486 res
856 2446 1114 2499 abessent,
1152 2445 1526 2499 ignosceretur3
1587 2450 1589 2474 ³
