1685 2574
444 574 812 626 ADNOTATIO
856 579 1118 628 CRITICA.

209 748 395 784 Orationis
426 761 506 794 pro
539 749 750 791 Quinctio
782 752 931 795 praeter
961 762 1098 795 paucas
1132 752 1168 785 et
1203 761 1337 797 parvas
1373 753 1458 787 reli-

114 795 220 840 quias
240 796 531 841 palimpsesti
549 797 843 832 Taurinensis
870 797 1015 831 codices
1037 809 1162 832 omnes
1182 799 1458 834 recentissimos

114 854 193 878 esse
220 845 375 887 constat,
402 843 491 878 item
518 844 728 878 orationum
751 855 830 889 pro
858 843 890 879 S.
912 844 1077 878 Roscio
1097 845 1307 880 Amerino
1335 848 1372 880 et
1391 857 1457 890 pro

65 908 68 910 v
114 889 154 932 Q.
180 890 343 925 Roscio
375 891 606 934 comoed03
641 902 709 925 nec
740 891 768 924 ii
803 891 924 934 codd,
958 890 1128 934 quamvis
1160 892 1280 926 multa
1313 893 1459 927 varient

112 948 180 972 nec
206 937 344 980 desint,
371 937 434 981 qui
457 940 606 982 praeter
631 940 772 972 ceteros
798 938 983 982 pravitate
1010 938 1214 982 emineant,
1250 941 1378 973 tamen
1401 939 1457 974 ita

113 984 298 1027 differunt,
324 986 366 1018 ut
390 996 483 1019 unus
510 985 650 1019 alterve
676 985 793 1019 multo
819 985 902 1029 plus
924 985 1147 1019 auctoritate
1173 985 1309 1028 valeat,
1336 997 1455 1030 neque

113 1030 350 1075 excipiendus
386 1033 442 1066 est
476 1032 555 1066 cod.
589 1032 909 1066 Wolfenbutt.
927 1044 961 1066 n.
978 1036 1064 1074 205,
1103 1043 1213 1076 quem
1251 1032 1458 1077 Wrampel-

112 1089 247 1123 meyer.
300 1078 481 1122 ‘primum
513 1079 560 1112 ad
592 1079 799 1123 complures
826 1078 1012 1113 Ciceronis
1044 1079 1231 1113 orationes
1264 1080 1457 1123 contulit’,

113 1125 161 1159 ad
198 1124 459 1167 Quinctianam
494 1125 532 1159 in
569 1127 664 1170 part.
692 1126 724 1159 V
759 1125 961 1160 Clausthal.
991 1130 1091 1161 1880.
1143 1126 1261 1167 Quam
1297 1126 1342 1160 ob
1379 1137 1457 1161 rem

111 1183 195 1206 raro
230 1172 327 1206 infra
364 1173 595 1217 singulorum
632 1173 857 1207 mentionem
891 1172 983 1216 feci,
1022 1183 1090 1206 neo
1125 1172 1262 1207 attinet
1295 1173 1357 1207 hic
1395 1184 1457 1207 eos

113 1229 337 1254 enumerare.
393 1219 586 1254 Editiones
631 1220 785 1254 adhibui
826 1221 974 1264 praeter
1019 1219 1130 1254 Orell.
1145 1220 1180 1253 11
1224 1221 1262 1254 et
1301 1219 1458 1264 Kayseri

111 1266 325 1300 Tauchnitz.
357 1264 396 1299 in
428 1277 478 1301 or.
510 1279 545 1311 p.
581 1266 751 1308 Quinctio
785 1269 822 1301 et
852 1279 887 1311 p.
921 1266 961 1308 Q.
988 1266 1122 1300 Roscio
1157 1265 1392 1301 Klotzianam
1424 1277 1456 1301 a.

114 1317 215 1356 1869,
235 1313 274 1346 in
294 1324 343 1348 or.
364 1325 399 1357 p.
422 1313 456 1347 S.
477 1313 612 1348 Roscio
639 1313 759 1349 Hahn.
781 1313 939 1348 Weidm.
954 1313 1052 1355 VIII,
1072 1313 1253 1348 Fleckeis.
1275 1313 1456 1348 Teubner.

112 1371 144 1395 a.
173 1364 275 1404 1877,
300 1360 508 1394 Eberhardi
534 1361 672 1395 Teubn.
701 1372 732 1395 a.
759 1364 848 1395 1874
875 1362 1000 1403 (oratt.
1028 1360 1091 1394 sel.
1120 1359 1266 1404 XVlII).

206 1407 244 1441 P.
274 1412 303 1441 1.
331 1411 353 1441 4
379 1408 565 1450 Hortensi,
593 1408 713 1442 Naevi
737 1410 804 1442 cet.
832 1409 1046 1442 constanter
1072 1407 1213 1451 scripsi,
1241 1408 1279 1441 et
1304 1406 1357 1441 sic
1381 1418 1457 1441 me·

111 1453 222 1488 liores
255 1454 358 1488 codd.
385 1453 624 1488 Verrinarum
654 1454 886 1498 plerumque3
927 1454 990 1488 sed
1022 1454 1120 1487 idem
1153 1453 1268 1487 etiam
1293 1454 1457 1497 Heracli,

111 1502 243 1544 Rhodi,
270 1502 323 1535 ali
348 1502 416 1535 etc.
443 1500 662 1543 identidem,
690 1502 737 1535 ad
764 1501 822 1535 off.
842 1513 878 1546 p.
901 1505 955 1535 72.
977 1505 1033 1543 23,
1059 1500 1157 1534 infra
1175 1512 1210 1544 p.
1233 1504 1311 1534 373.
1336 1505 1389 1535 18.
1412 1520 1459 1525 —

110 1548 162 1583 Ib.
189 1549 230 1582 in
255 1549 405 1582 diceudo
429 1548 539 1592 pauci
565 1548 689 1591 codd.,
716 1547 829 1591 Bait,
856 1549 898 1582 iu
924 1558 994 1582 om.
1021 1547 1140 1591 vulg,
1167 1547 1300 1590 Klotz.,
1325 1546 1458 1590 Kays.;

111 1597 160 1640 ad
195 1596 387 1630 dicendum
423 1595 510 1628 nolo
550 1595 819 1629 commendare.
853 1615 896 1619 —
928 1594 967 1628 P.
998 1598 1026 1628 1.
1055 1598 1074 1628 9
1112 1604 1168 1628 ‘res
1198 1605 1234 1628 se
1271 1593 1326 1627 ed.
1354 1594 1457 1637 V'en.,

110 1642 241 1686 Klotz„
261 1642 371 1686 Kays.
392 1662 437 1667 —
463 1641 501 1676 P.
526 1646 555 1676 1.
581 1647 618 1676 11
648 1643 708 1677 cui
733 1652 752 1675 e
773 1641 847 1675 suis
875 1641 977 1675 codd.
1001 1640 1108 1683 Bait,
1136 1641 1240 1674 cuius
1265 1650 1310 1674 ex
1330 1639 1456 1674 Helm-

111 1690 204 1724 stad.
224 1688 349 1723 nescio
369 1699 453 1732 quo,
468 1688 802 1733 WVrampeffleyeri
815 1687 1014 1730 Wolfenb.,
1034 1688 1077 1721 ut
1092 1686 1249 1729 videtur,
1271 1688 1309 1720 et
1328 1686 1457 1721 Dresd.

110 1737 247 1779 Klotz.,
274 1737 384 1780 Kays.
412 1756 457 1761 —-
482 1735 520 1770 P.
549 1741 580 1770 2.
608 1740 630 1770 4
661 1736 894 1780 aliquotiens
927 1736 964 1769 et
995 1734 1075 1768 sim.
1104 1745 1170 1768 scr.
1199 1745 1283 1767 cuni
1308 1733 1457 1767 Klotzio

111 1785 148 1819 et
172 1785 352 1828 Kaysero,
380 1783 492 1818 —ies
517 1782 557 1816 in
581 1782 714 1817 harum
741 1783 849 1816 oratt.
877 1781 934 1816 ed.
962 1780 1021 1815 Or.
1048 1780 1161 1823 Bait„
1188 1780 1327 1822 Halm,
1354 1780 1457 1815 Jord.

110 1841 220 1876 saepe
239 1832 323 1873 tac„
338 1830 441 1864 codd.
457 1830 628 1864 meliores
642 1830 857 1874 plerumque
880 1829 1025 1863 —ieus
1040 1828 1113 1869 (hic
1129 1829 1166 1861 et
1180 1827 1457 1870 aLW’olfenb.);

111 1879 158 1912 ad
181 1890 216 1923 p.
239 1882 317 1912 336.
345 1881 388 1911 25
411 1878 448 1911 et
474 1881 529 1911 27.
558 1897 600 1902 --
627 1876 664 1911 P.
687 1881 718 1911 2.
741 1880 761 1911 5
788 1887 837 1910 ac
860 1887 964 1919 saepe
989 1876 1099 1919 pauci
1127 1874 1231 1908 codd.
1254 1873 1454 1917 (Wolfenb.

111 1929 189 1968 205,
215 1924 315 1958 idem
340 1935 375 1968 p.
399 1928 428 1958 1.
457 1929 476 1958 3
504 1928 608 1968 atque
633 1925 744 1969 0109),
771 1923 903 1965 Klotz.,
925 1923 1053 1966 Kays.;
1079 1921 1174 1955 nihil
1200 1921 1348 1965 saepius
1373 1931 1456 1965 per-

108 1973 294 2006 mutatum
332 1981 444 2015 quam
475 1982 519 2005 ac
551 1972 588 2005 et
622 1975 668 2014 et,
708 1970 746 2004 in
780 1970 852 2004 hoc
884 1969 957 2004 vol.
991 1969 1149 2013 amplius
1189 1967 1369 2009 centiens3
1409 1967 1456 2000 ad

108 2031 143 2064 p.
170 2023 226 2054 48.
253 2022 315 2060 24,
355 2021 409 2052 59.
437 2022 469 2060 2,
511 2022 587 2052 110.
616 2022 653 2060 2,
694 2021 770 2052 117.
799 2021 853 2059 13,
894 2020 971 2051 128.
1000 2020 1055 2058 27,
1093 2019 1169 2049 198.
1199 2020 1252 2057 15,
1292 2018 1370 2048 200.
1401 2017 1454 2056 10,

110 2070 188 2101 230.
216 2070 275 2108 33,
314 2069 393 2099 233.
421 2068 483 2107 35,
523 2069 601 2099 259.
629 2068 690 2107 29,
730 2068 809 2099 268.
837 2068 869 2105 6,
908 2067 986 2097 272.
1015 2067 1076 2105 30,
1115 2066 1193 2096 277.
1221 2065 1276 2103 21,
1315 2065 1394 2095 289.
1423 2065 1455 2103 8,

109 2117 188 2148 289.
217 2117 256 2147 31
287 2113 319 2156 (‚
347 2116 426 2146 295.
454 2113 536 2154 26),
564 2115 641 2146 304.
664 2116 695 2154 5,
722 2115 801 2145 306.
829 2114 884 2152 28,
911 2114 989 2144 328.
1017 2113 1036 2143 2
1065 2110 1102 2143 et
1128 2113 1159 2151 7,
1187 2112 1264 2142 353.
1292 2113 1347 2150 35,
1375 2111 1454 2142 363.

110 2165 165 2203 19,
205 2164 283 2195 371.
311 2163 372 2201 37,
411 2163 490 2192 425.
519 2163 580 2200 31,
620 2162 698 2193 497.
727 2163 758 2192 6.
787 2178 830 2183 —-
855 2157 894 2191 P.
923 2162 953 2190 2.
984 2161 1024 2190 11
1052 2157 1146 2200 quod
1174 2154 1455 2199 ‘corrigendum

108 2207 306 2251 putarunt’
337 2217 419 2240 cum
446 2205 510 2239 alii
535 2206 615 2239 tum
643 2204 829 2247 Schuetz.,
860 2205 897 2238 et
921 2203 1037 2237 habet
1061 2203 1140 2237 cod.
1166 2202 1272 2236 Bern.
1301 2201 1453 2243 Quintil.

107 2253 159 2288 XI
187 2259 216 2289 1.
247 2259 304 2296 19,
337 2264 421 2297 quo,
449 2252 548 2296 quod
572 2251 662 2286 ferri
686 2263 760 2285 non
785 2261 894 2295 posse
919 2252 1029 2294 puto,
1058 2250 1130 2284 Cic.
1159 2249 1262 2284 codd.
1291 2250 1328 2282 et
1352 2249 1453 2292 vulg.

108 2319 151 2326 —-‹
179 2300 218 2336 P.
247 2305 277 2335 2.
308 2304 349 2334 12
381 2300 604 2334 subsidium
631 2320 672 2324 ———
700 2299 905 2344 cZiZiyeutia
942 2297 1020 2332 cod.
1054 2298 1159 2331 Bern.
1194 2295 1334 2338 Quint,
1371 2296 1454 2330 sub-

1119 2354 1167 2388 a*
