1618 2584
142 675 183 705 si

143 2167 197 2209 38

144 2219 187 2250 82

210 219 293 259 398
610 218 658 251 IN
686 217 722 251 C.
744 217 946 251 VERREM
972 217 1075 252 ACT.
1103 218 1143 251 11.

209 314 378 354 Adsunt
399 316 441 354 et
460 314 706 366 implorant.
752 312 879 353 Potes
901 312 1157 354 domesticae
1178 314 1315 355 laudis
1340 315 1535 369 amplitu-

210 373 362 426 dinem,
388 370 541 426 Scipio,
567 372 689 424 tueri,
715 374 856 425 potes,
883 371 1025 412 omnia
1051 374 1150 412 sunt
1175 372 1220 413 in
1246 375 1299 425 te,
1334 388 1440 426 quae
1468 376 1541 414 aut

208 432 382 472 fortuna
406 430 651 471 hominibus
679 432 754 470 aut
778 433 934 470 natura
961 430 1160 484 lamitur3
1193 445 1278 472 non
1310 446 1540 485 praecerpo
1597 447 1599 478 ε

210 490 246 530 11
251 493 394 530 uctum
413 489 568 529 officii¹
558 490 632 539 1111,
653 503 738 529 non
757 489 940 529 alienam
960 466 1062 528 011111
1081 463 1249 529 1011110111
1271 490 1542 543 0(1ῑ101;0,11011
1597 527 1599 531 .

211 552 275 590 est
304 548 476 602 pudoris
509 547 593 587 mei
619 546 663 587 P.
684 546 891 601 Scipione,
924 547 1227 588 florentissimo
1262 524 1541 601 adulescente,

213 608 305 648 vivo
334 610 376 647 et
402 606 605 647 incolumi
634 621 700 647 me
734 608 1097 661 propugnatorem
1132 608 1540 660 [monumentorum]

211 666 255 706 P.
275 664 485 719 Scipionis
513 665 861 718 defensoremque
888 665 1091 719 profiteri.
1142 664 1276 712 Quam
1304 665 1357 706 ob
1385 681 1473 706 rem
1507 666 1543 707 si
1596 664 1599 686 ³

211 724 389 778 suscipis
417 723 675 764 domesticae
702 724 839 764 laudis
867 723 1165 777 patrocinium,
1198 739 1264 765 me
1290 739 1377 765 non
1403 725 1539 766 solum

210 784 335 824 silere
386 782 435 823 de
479 782 634 823 vestris
679 783 965 823 monumentis
1010 783 1245 836 oportebit,
1297 783 1368 824 sed
1414 783 1542 824 etiam

210 841 363 883 laetari
399 840 445 882 P.
475 841 669 882 Africani
709 842 796 882 eius
836 841 949 881 modi
986 841 1203 882 fortunam
1243 856 1333 883 esse
1373 842 1543 896 mortui,

209 904 256 942 ut
288 901 377 941 eius
410 900 546 941 honos
579 900 632 941 ab
664 900 734 952 iis,
778 901 849 954 qui
882 915 930 940 ex
964 900 1110 940 eadem
1141 900 1308 941 familia
1340 901 1442 953 sint,
1476 901 1542 941 de—

209 959 408 1000 fendatur
428 973 563 1013 neque
584 959 719 999 ullum
745 959 1030 999 adventicium
1058 959 1262 1000 auxilium
1290 959 1543 1013 requiratur.

211 1018 284 1059 Sin
317 1019 440 1058 istius
475 1018 663 1058 amicitia
694 1021 736 1058 te
768 1018 964 1070 impedit,
1003 1018 1038 1058 si
1076 1017 1175 1071 hoc,
1210 1018 1322 1071 quod
1355 1032 1434 1073 ego
1468 1018 1543 1058 abs

210 1080 253 1118 te
292 1077 482 1131 postulo,
528 1076 667 1117 minus
707 1076 760 1117 ad
799 1076 984 1117 officium
1023 1078 1143 1117 tuum
1183 1077 1396 1130 pertinere
1435 1077 1543 1117 arbi-

210 1136 392 1189 trabere,
425 1135 645 1177 succedam
674 1149 753 1190 ego
780 1135 962 1176 vicarius
996 1138 1069 1175 tuo
1104 1135 1279 1186 muneri,
1313 1136 1542 1190 suscipiam
1580 1147 1590 1154 ·

214 1198 374 1249 partes,
424 1209 529 1248 quas
580 1194 741 1234 alienas
787 1208 878 1234 esse
924 1194 1179 1234 arbitrabar.
1253 1193 1416 1235 Deinde
1460 1194 1544 1235 ista

212 1254 433 1308 praeclara
469 1253 674 1294 nobilitas
713 1252 878 1293 desinat
914 1253 1032 1306 queri
1065 1253 1270 1307 populum
1304 1253 1555 1299 Romanum·

210 1313 455 1353 hominibus
488 1312 610 1352 novis
643 1311 865 1352 industriis
898 1312 1094 1352 lubenter
1127 1312 1309 1352 honores
1343 1312 1543 1352 mandare

211 1386 461 1426 semperque
487 1371 730 1411 mandasse.'
768 1370 866 1411 Non
893 1372 957 1411 est
984 1370 1243 1423 querendum
1269 1370 1312 1410 in
1338 1370 1418 1411 hac
1447 1371 1544 1411 civi-

212 1433 319 1483 tate,
358 1444 465 1483 quae
503 1432 679 1483 propter
716 1429 919 1469 virtutem
959 1429 1155 1469 omnibus
1190 1429 1437 1469 nationibus
1469 1429 1544 1470 im-

211 1491 345 1543 perat,
372 1488 576 1529 virtutem
597 1488 829 1541 plurimum
854 1501 989 1541 posse.
1036 1486 1100 1527 Sit
1127 1488 1238 1541 apud
1265 1488 1372 1528 alios
1398 1488 1543 1543 imago

211 1548 255 1588 P.
283 1547 493 1599 Africani,
532 1549 737 1587 ornentur
774 1546 847 1587 alii
885 1546 1044 1587 mortui
1084 1546 1242 1587 virtute
1276 1561 1323 1588 00
1354 1547 1543 1600 11010111ος

211 1607 312 1648 talis
338 1606 412 1646 ille
442 1605 507 1646 vir
538 1605 632 1655 fuit,
664 1605 725 1646 ita
757 1605 807 1645 de
839 1605 998 1659 populo
1032 1604 1225 1646 Romano
1259 1606 1435 1646 meritus
1469 1609 1544 1659 est,

211 1669 259 1707 ut
295 1680 382 1706 non
419 1664 491 1705 uni
528 1664 736 1715 familiae,
775 1664 846 1704 sed
878 1663 1100 1704 universae
1133 1664 1298 1705 civitati
1332 1679 1543 1705 commen-

213 1725 337 1765 datus
365 1738 456 1764 esse
490 1723 653 1763 debeat.
703 1723 784 1763 Est
817 1723 961 1776 aliqua
992 1737 1087 1763 mea
1119 1737 1217 1777 pars
1250 1723 1399 1776 virilis,
1432 1723 1543 1777 quod

213 1784 302 1824 eius
335 1782 521 1823 civitatis
555 1796 667 1835 sum,
701 1796 828 1835 quam
861 1781 933 1822 ille
966 1782 1173 1835 amplam,
1204 1781 1428 1823 inlustrem
1461 1783 1544 1823 cla-
1592 1811 1593 1818 1

212 1855 388 1895 ramque
432 1840 633 1893 reddidit,
676 1840 902 1894 praecipue
948 1841 1059 1893 quod
1103 1840 1145 1880 in
1190 1840 1256 1881 his
1300 1841 1426 1881 rebus
1468 1855 1543 1894 pro

213 1915 307 1941 mea
334 1902 455 1953 parte
482 1914 639 1952 versor,
672 1913 851 1952 quarum
878 1899 951 1939 ille
977 1899 1173 1953 princeps
1198 1899 1290 1951 fuit,
1318 1900 1544 1953 aequitate,
1570 1905 1573 1908 ’

212 1958 440 2010 industria,
490 1958 791 2012 temperantia,
841 1957 1086 1998 defensione
1130 1958 1400 2012 miserorum,
1448 1958 1542 2000 odio
1590 1967 1591 1973 ¹

213 2018 525 2072 improborum,
552 2032 659 2071 quae
681 2016 879 2071 cognatio
902 2016 1138 2057 studioium
1161 2020 1202 2056 et
1229 2031 1275 2057 ‘n
1280 2017 1386 2057 tium
1412 2031 1562 2071 prope

213 2077 386 2117 modum
412 2090 498 2117 non
525 2076 664 2116 minus
698 2078 763 2116 est
795 2075 1032 2140 coniuncta,
1066 2090 1193 2128 quam
1225 2075 1321 2129 ista,
1354 2090 1438 2129 qua
1469 2090 1543 2116 vos

214 2135 502 2187 delectamini,
536 2134 703 2189 generis
737 2137 778 2175 et
810 2134 1007 2174 nominis.

301 2194 465 2248 Repeto
500 2194 575 2234 abs
608 2196 667 2247 te,
700 2192 873 2246 Verres,
907 2194 1231 2233 monumentum
1264 2192 1307 2233 P.
1335 2192 1543 2247 Africani3
1589 2209 1590 2217 ¹

1562 2018 1618 2053 3011

213 2268 385 2294 causam
418 2251 676 2305 Siculorum,
715 2266 841 2305 quam
875 2251 1057 2304 suscepi,
1095 2251 1307 2305 relinquo,
1343 2251 1543 2293 iudicium
1588 2262 1618 2298 :³

212 2312 262 2353 de
299 2311 489 2366 pecuniis
528 2311 772 2365 repetundis
811 2325 863 2351 ne
902 2310 958 2351 sit
990 2310 1070 2351 1100
1102 2312 1313 2363 tempore,
1351 2308 1618 2366 Segesta-arta*

211 2385 363 2411 norum
401 2370 580 2411 iniuriae
617 2371 919 2424 neglegantur3
956 2369 1071 2409 basis
1104 2368 1149 2408 P.
1177 2366 1386 2422 Scipionis
1421 2369 1543 2410 resti-
1587 2381 1588 2405 1

212 2432 376 2482 tuatur,
418 2443 571 2470 nomen
610 2428 758 2469 invicti
796 2428 1069 2481 imperatoris
1107 2426 1336 2481 incidatur,
1375 2428 1542 2482 signum
1586 2463 1588 2478 ,
