1618 2584
395 245 555 280 LIB.1V
594 246 694 282 CAP.
724 251 859 281 11-13
887 250 905 288 s
932 250 1080 281 26—31.
1258 288 1260 291 ,
1326 247 1409 287 375

75 341 280 383 daritano.
342 341 514 383 Etenim
553 342 588 383 si
620 341 887 396 Phylarchus
926 341 1204 395 vendidisset,
1241 356 1327 383 non
1362 342 1411 397 ei,

72 403 353 455 posteaquam
380 414 476 441 reus
502 401 641 442 factus
669 415 725 455 93,
756 401 1021 442 redditurum
1052 403 1095 442 te
1126 400 1410 454 promisisses.

73 456 195 506 Quod
231 459 330 513 quia
364 459 510 500 vidisti
542 461 685 514 plures
719 459 844 513 scire,
883 459 1101 515 cogitasti,
1140 460 1176 500 si
1208 459 1247 500 ei
1278 459 1411 500 reddi-

74 517 219 572 disses,
245 520 287 558 te
308 518 448 560 minus
472 518 733 572 habiturum,
759 532 848 559 rem
875 518 1011 560 nihilo
1038 518 1178 571 minus
1204 520 1410 559 testatam

36 587 52 612 ⁶
72 572 279 630 futuram3
316 591 401 618 non
437 577 670 618 reddidisti.
732 576 853 618 Dixit
884 576 1152 631 Phylarchus
1183 592 1260 631 pro
1292 577 1411 618 testi-

71 635 215 676 monio
243 649 298 687 se,
332 635 444 688 quod
470 639 617 676 nosset
645 638 767 676 tuum
798 635 930 676 istum
963 636 1172 690 morbum,
1204 638 1254 677 ut
1286 636 1412 677 amici

70 693 134 733 tui
168 694 406 747 appellant,
439 693 606 746 cupisse
638 696 681 734 te
714 694 851 735 celare
884 694 933 734 de
966 694 1173 748 phaleris3
1206 709 1300 736 cum
1333 695 1410 736 abs

70 755 113 791 te
146 752 389 804 appellatus
422 754 555 804 esset,
586 765 767 806 negasse
799 751 957 792 habere
991 766 1101 807 seseg
1134 753 1244 807 apud
1278 753 1410 795 alium

70 823 238 862 quoque
276 823 347 850 eas
385 809 586 850 habuisse
626 810 859 863 depositas,
897 825 949 851 ne
986 825 1069 865 qua
1100 811 1411 866 invenirentur3
1452 812 1453 815 ’

18 878 51 904 ιο
69 867 194 908 istius
239 870 407 909 tantam
451 867 583 909 fuisse
628 868 929 923 sagacitatem,
973 872 1022 911 ut
1065 884 1135 911 eas
1173 885 1249 924 per
1286 871 1411 913 illum

67 926 209 980 ipsum
252 926 498 980 inspiceret,
548 926 620 968 ubi
665 930 788 968 erant
832 927 1069 982 depositae,
1119 931 1211 969 tum
1257 943 1300 971 se
1345 930 1409 971 de-

68 999 271 1039 prensum
308 999 466 1040 negare
503 1000 590 1027 non
627 986 838 1040 potuisse3
875 986 937 1028 ita
972 987 1027 1028 ab
1061 1001 1104 1028 se
1136 987 1272 1029 invito
1304 989 1409 1043 pha-

68 1044 180 1085 leras
213 1044 381 1085 ablatas
415 1045 563 1100 gratis.

156 1102 260 1156 Iam,
293 1107 340 1144 ut
365 1103 469 1144 haec
497 1103 639 1145 omnia
664 1103 852 1158 reperire
881 1118 930 1153 ac
961 1105 1223 1159 perscrutari
1256 1105 1409 1147 solitus

16 1172 48 1198 15
69 1161 137 1215 sit,
168 1161 340 1215 iudices,
372 1164 438 1203 est
464 1176 617 1216 operae
644 1162 832 1216 pretium
858 1177 1126 1217 cognoscere.
1179 1163 1409 1218 Cibyratae

68 1223 168 1261 sunt
210 1220 366 1262 fratres
405 1220 595 1275 Quidam,
639 1221 912 1275 Tlepolemus
952 1225 995 1263 et
1032 1221 1183 1276 Hiero,
1228 1237 1409 1276 quorum

67 1279 251 1320 alterum
288 1279 450 1334 fingere
489 1279 640 1333 opinor
672 1294 693 1320 e
731 1294 828 1321 cera
866 1280 1042 1321 solitum
1075 1295 1185 1335 esse,
1226 1282 1410 1323 alterum

66 1352 158 1379 9339
202 1337 421 1392 pictorem.
489 1338 629 1380 Hosce
674 1339 843 1392 opinor,
891 1338 1072 1393 Cibyrae
1117 1354 1213 1381 cum
1255 1340 1301 1381 in
1344 1355 1410 1383 su-

67 1396 300 1451 spicionem
325 1397 544 1438 venissent
568 1398 655 1439 suis
682 1397 846 1439 civibus
870 1397 1019 1439 fanum
1046 1399 1257 1453 expilasse
1278 1399 1410 1454 Apol-

31 1466 48 1491 0
66 1455 179 1508 linis,
210 1455 371 1496 veritos
397 1470 580 1510 poenam
607 1456 752 1498 iudicii
778 1471 826 1497 ac
852 1457 961 1512 legis
995 1457 1121 1499 domo
1153 1458 1397 1514 profugisse

66 1513 188 1563 Quod
214 1513 393 1555 Verrem
431 1514 602 1556 artificii
641 1515 706 1556 sui
743 1515 942 1569 cupidum
980 1520 1273 1570 cognoverant
1303 1520 1407 1572 tum,

66 1587 162 1615 cum
208 1573 308 1625 iste,
356 1572 400 1613 id
447 1573 559 1627 quod
604 1588 653 1616 ex
697 1574 881 1616 testibus
927 1574 1155 1628 didicistis,
1206 1575 1409 1629 Cibyram

66 1646 162 1673 cum
193 1631 393 1673 inanibus
427 1632 686 1687 syngraphis
718 1635 912 1687 venerat,
950 1633 1076 1675 domo
1107 1633 1323 1689 fugientes
1356 1635 1409 1676 ad

66 1705 162 1732 eum
202 1705 246 1731 se
285 1691 447 1744 exules,
485 1705 581 1732 cum
618 1691 701 1733 iste
740 1695 853 1733 esset
889 1692 934 1733 in
963 1692 1086 1746 Asia,
1124 1694 1409 1736 contulerunt.

30 1759 46 1785 5
64 1748 231 1790 Habuit
252 1762 325 1790 eos
349 1763 492 1791 secum
518 1749 595 1800 illo
621 1753 816 1804 tempore
842 1752 885 1792 et
909 1751 954 1792 in
980 1751 1210 1806 legationis
1237 1753 1407 1807 praedis

66 1811 193 1862 atque
233 1807 360 1849 furtis
399 1809 584 1850 multum
622 1809 797 1850 illorum
836 1823 966 1864 opera
1004 1810 1268 1864 consilioque
1306 1827 1407 1854 usus

65 1870 141 1908 est.
208 1865 267 1908 Hi
311 1870 411 1908 sunt
452 1867 536 1922 illi,
581 1868 734 1922 quibus
778 1868 823 1909 in
860 1868 1020 1910 tabulis
1059 1869 1191 1910 refert
1228 1884 1320 1912 sese
1359 1871 1406 1920 Q.

64 1924 222 1967 Tadius
256 1924 437 1967 ‘dedisse
475 1926 594 1968 iussu
626 1926 752 1969 istius
785 1926 959 1969 Graecis
992 1928 1258 1982 pictoribus’.
1319 1929 1406 1972 Eos

64 1984 150 2026 iam
188 1984 295 2026 bene
335 1985 531 2040 cognitos
570 1988 613 2026 et
650 2000 695 2027 re
726 1986 932 2040 probatos
966 2001 1109 2028 secum
1140 1987 1185 2028 in
1217 1985 1408 2030 Siciliam

30 2054 46 2079 0
65 2042 196 2085 duxit.
242 2042 333 2091 Quo
354 2047 638 2098 posteaquam
657 2048 877 2098 venerunt,
904 2045 1146 2087 mirandum
1166 2046 1212 2087 in
1233 2047 1407 2089 modum

64 2099 209 2158 (canes
254 2102 471 2144 venaticos
514 2103 693 2157 diceres)
736 2104 799 2145 ita
842 2103 1134 2145 odorabantur
1178 2106 1322 2147 omnia
1365 2110 1407 2148 et

63 2161 437 2216 pervestigabant,
475 2164 540 2215 ut,
577 2161 651 2203 ubi
684 2162 867 2217 quidque
899 2165 1029 2217 esset,
1063 2164 1208 2218 aliqua
1239 2164 1406 2206 ratione

62 2219 314 2261 invenirent.
382 2220 512 2261 Aliud
555 2221 775 2275 minando,
825 2221 942 2263 aliud
984 2222 1245 2277 pollicendo,
1290 2224 1406 2265 aliud

63 2292 138 2332 per
165 2293 322 2333 servos,
355 2279 470 2320 aliud
496 2294 572 2334 per
603 2279 774 2334 liberos,
804 2295 881 2335 per
914 2281 1097 2322 amicum
1130 2281 1256 2334 aliud,
1290 2282 1406 2324 aliud

22 2346 45 2372 ἶ5
61 2351 139 2391 per
157 2337 377 2380 inimicum
396 2338 689 2392 inveniebant3
717 2339 916 2393 quicquid
941 2340 1029 2380 illis
1055 2340 1287 2394 placuerat,
1314 2356 1405 2395 per-

64 2395 243 2437 dendum
266 2399 369 2438 erat.
418 2395 540 2438 Nihil
562 2397 678 2438 aliud
699 2398 920 2452 optabant,
945 2413 1126 2453 quorum
1146 2400 1405 2454 poscebatur

63 2455 301 2510 argentum,
332 2455 416 2497 nisi
442 2458 489 2497 ut
515 2455 558 2497 id
583 2456 763 2498 Hieroni
797 2459 838 2498 et
864 2456 1113 2513 Tlepolemo
1147 2458 1405 2513 displiceret.

1427 1087 1479 1128 13

1436 1139 1479 1169 30

1435 1880 1476 1910 31
