1618 2584
430 227 520 265 LIB.
540 227 572 262 V
619 227 722 263 CAP.
751 231 886 262 10—12
912 231 931 270 ξ
957 232 1106 263 25—30.
1348 229 1434 270 439

98 328 268 377 tempus
289 323 433 365 deberi
454 323 761 365 arbitrabatur.
791 323 883 372 Quo
904 324 997 366 loco
1016 338 1104 365 non
1123 324 1231 365 mihi
1249 327 1435 390 praeter·
1461 333 1506 365 28

98 382 308 424 mittenda
333 382 502 424 videtur
527 383 738 438 praeclari
763 382 1040 437 imperatoris
1067 382 1242 438 egregia
1274 397 1322 425 ac
1355 384 1436 424 sin·

98 440 262 497 gularis
316 441 552 497 diligentia.
626 440 740 483 Nam
792 441 945 483 scitote
995 441 1200 496 oppidum
1250 455 1342 483 esse
1391 442 1434 482 111

98 498 244 541 Sicilia
286 500 454 542 nullum
499 514 549 542 ex
591 499 644 541 iis
690 499 875 554 oppidis,
918 500 963 541 in
1007 500 1160 555 quibus
1202 500 1436 542 consistere

61 570 78 596 ο
96 561 318 613 praetores
351 561 394 600 et
425 561 681 601 conventum
714 573 841 613 agere
874 558 1054 614 soleant,
1087 573 1170 613 quo
1200 558 1246 600 in
1278 559 1436 614 oppido

95 631 183 659 non
226 617 301 659 isti
344 632 394 659 ex
439 618 585 672 aliqua
626 617 794 659 familia
836 632 923 659 non
959 617 1144 673 ignobili
1181 617 1346 660 delecta
1384 618 1436 660 ad

97 676 320 718 libidinem
352 677 507 718 mulier
539 678 666 717 esset.
721 675 872 730 Itaque
904 691 990 718 non
1021 677 1167 718 nullae
1199 691 1250 719 ex
1282 691 1331 719 eo
1362 691 1438 718 nu-

96 749 214 776 mero
264 735 309 776 in
364 735 605 777 convivium
659 735 974 776 adhibebantur
1023 736 1186 790 palam3
1243 735 1279 777 si
1328 750 1437 791 quae

96 793 301 835 castiores
338 797 478 848 erant,
516 793 570 835 ad
600 796 770 848 tempus
802 794 1051 848 veniebant,
1090 796 1227 837 lucem
1258 808 1437 836 conven-

46 862 77 888 10
95 855 273 907 tumque
311 852 520 894 vitabant.
581 852 721 894 Erant
756 855 900 894 autem
932 853 1127 895 convivia
1157 868 1244 896 non
1274 854 1351 895 1110
1383 854 1436 895 31-

95 911 228 953 lentio
267 914 517 965 praetorum
554 911 704 978 populi
737 911 921 953 Romani
960 914 1087 966 atque
1124 912 1434 979 imperatorum

93 984 230 1024 neque
250 984 299 1012 00
320 970 492 1024 pudore,
519 970 592 1025 qui
611 971 657 1011 in
676 970 1013 1025 magistratuum
1039 971 1245 1013 conviviis
1272 986 1346 1013 vei
1350 986 1436 1013 3311

95 1029 224 1082 solet,
262 1029 336 1070 sed
375 1044 469 1071 cum
502 1029 689 1071 maximo
722 1030 909 1071 clamore
942 1032 1070 1084 atque
1102 1030 1312 1084 convici0;
1350 1045 1437 1072 11011

93 1102 330 1142 numquam
363 1088 494 1129 etiam
526 1102 593 1129 res
626 1088 680 1130 ad
710 1102 900 1143 pugnam
934 1091 1063 1143 atque
1097 1089 1150 1131 ad
1182 1104 1333 1131 manus
1366 1103 1435 1131 vo·

43 1156 76 1182 15
95 1147 286 1189 cabatur.
347 1146 434 1188 Iste
473 1147 585 1188 enim
623 1149 798 1200 praetor
836 1161 1008 1189 severus
1042 1162 1090 1189 ac
1122 1148 1324 1203 diligens,
1364 1148 1436 1202 qui

94 1205 246 1260 populi
272 1205 456 1248 Romani
488 1206 657 1261 legibus
683 1220 917 1260 numquam
949 1207 1179 1261 paruisset,
1209 1207 1298 1248 illis
1331 1207 1435 1262 legi-

94 1265 192 1318 bus,
225 1279 334 1319 quae
358 1264 404 1305 in
434 1265 599 1319 poculis
632 1264 919 1319 ponebantur,
952 1265 1182 1320 diligenter
1214 1266 1435 1320 obtempe-

94 1323 233 1364 rabat.
288 1323 439 1378 Itaque
478 1326 600 1365 erant
636 1323 775 1364 exitus
808 1323 897 1364 eius
930 1324 1062 1378 modi,
1100 1327 1148 1365 ut
1180 1324 1290 1366 alius
1321 1325 1435 1366 inter

94 1396 247 1423 manus
274 1396 296 1423 e
322 1382 516 1424 convivio
543 1385 768 1436 tamquam
794 1396 816 1423 e
842 1383 1006 1437 proelio
1040 1383 1292 1437 auferretur,
1325 1384 1433 1425 alius

42 1451 76 1477 20
94 1444 317 1495 tamquam
357 1441 520 1483 occisus
553 1441 883 1495 relinqueretur,
921 1441 1114 1496 plerique
1146 1444 1195 1483 ut
1225 1442 1312 1484 fusi
1343 1443 1435 1484 sine

95 1503 237 1541 mente
282 1514 330 1542 ac
374 1500 464 1541 sine
504 1500 595 1541 ullo
637 1514 763 1540 sensu
800 1500 1006 1554 iacerent,
1050 1503 1099 1541 ut
1137 1501 1295 1555 quivis,
1338 1516 1435 1543 cum

96 1559 346 1614 aspexisset,
376 1573 464 1600 non
495 1573 539 1600 se
571 1558 784 1614 praetoris
817 1559 1071 1613 convivium,
1104 1560 1178 1601 sed
1212 1561 1296 1613 [ut]
1329 1559 1435 1602 Can-

94 1632 270 1660 nensem
301 1631 491 1673 pugnam
523 1617 740 1672 nequitiae
772 1617 914 1659 videre
948 1618 1246 1661 arbitraretur.

184 1676 293 1718 Cum
343 1691 444 1718 vero
494 1679 636 1718 aestas
687 1691 855 1719 summa
905 1691 997 1718 esse
1047 1680 1264 1732 coeperat,
1321 1692 1405 1733 quo

41 1745 75 1771 25
94 1738 264 1790 tempus
297 1749 443 1777 omnes
476 1733 647 1777 Siciliae
680 1750 847 1790 semper
877 1738 1098 1790 praetores
1130 1736 1176 1778 in
1207 1736 1434 1779 itineribus

95 1808 344 1836 consumere
388 1796 665 1848 consuerunt,
712 1797 942 1849 propterea
986 1795 1100 1849 quod
1142 1798 1236 1837 tum
1279 1798 1436 1862 putant

96 1853 336 1894 obeundam
387 1867 479 1895 esse
529 1853 713 1895 maxime
756 1854 1040 1908 provinciam,
1091 1869 1186 1896 cum
1230 1855 1275 1896 111
1325 1855 1435 1897 areis

93 1911 311 1954 frumenta
338 1915 450 1965 sunt,
482 1912 596 1967 quod
622 1915 665 1953 et
695 1912 886 1954 familiae
919 1916 1239 1969 congregantur
1272 1916 1314 1955 et
1346 1929 1435 1955 ma-

96 1971 275 2026 gnitudo
321 1971 487 2012 servitii
529 1971 788 2026 perspicitur
829 1974 871 2012 et
908 1972 1032 2013 labor
1071 1972 1211 2027 operis
1250 1973 1436 2014 maxime

41 2039 76 2065 30
96 2029 291 2084 offendit,
326 2029 532 2070 frumenti
564 2029 687 2084 copia
720 2034 980 2084 commonet,
1015 2033 1185 2086 tempus
1218 2031 1319 2072 anni
1349 2046 1437 2073 non

93 2088 276 2142 inpedit:
302 2091 406 2142 tum,
432 2089 621 2142 inquam,
647 2103 744 2129 cum
764 2092 1020 2131 concursant
1047 2090 1176 2131 ceteri
1202 2092 1436 2145 praetores,

92 2147 177 2189 iste
205 2162 316 2189 novo
350 2147 536 2202 quodam
570 2148 654 2199 [ex]
690 2161 844 2202 genere
875 2147 1113 2202 imperator
1144 2149 1434 2203 pulcherrimo

94 2204 406 2260 Syracusarum
444 2207 537 2248 loco
576 2205 737 2247 stativa
774 2206 856 2248 sibi
888 2210 1030 2248 castra
1061 2207 1258 2249 faciebat.
1320 2207 1432 2249 Nam

92 2265 138 2305 in
174 2264 268 2319 ipso
308 2265 428 2306 aditu
463 2267 592 2319 atque
624 2279 696 2306 ore
728 2268 897 2320 portus,
935 2265 1009 2307 ubi
1040 2266 1227 2321 primum
1260 2281 1310 2308 ex
1343 2267 1434 2309 alto

39 2333 73 2359 85
94 2323 212 2365 sinus
244 2323 298 2365 ab
331 2324 459 2365 litore
492 2324 544 2365 ad
577 2323 727 2364 urbem
759 2324 1002 2375 inflectitur,
1034 2325 1314 2367 tabernacula
1347 2340 1434 2367 car-

92 2382 234 2424 baseis
277 2381 446 2424 intenta
488 2382 595 2425 velis
638 2383 904 2424 conlocabat.
971 2383 1067 2425 Huc
1106 2398 1155 2425 ex
1192 2384 1269 2426 illa
1307 2385 1432 2426 domo

91 2441 321 2496 praetoria,
354 2456 462 2496 quae
494 2442 609 2497 regis
641 2440 843 2483 Hieronis
875 2441 971 2498 fuit,
1002 2443 1063 2484 sic
1096 2442 1350 2498 emigrabat,
1384 2446 1434 2485 ut

1409 1657 1505 1739 d12
