1618 2584
393 211 482 250 LIB.
509 212 559 247 IV
596 211 694 255 CAP.
721 216 856 247 35—37
883 217 902 255 ἓ
929 217 1077 248 77-80.
1297 216 1380 256 397

50 308 95 350 Ρ.
122 307 332 362 Africani,
366 308 448 349 viri
478 308 723 361 fortissimi,
754 323 897 350 rerum
930 311 1151 364 gestarum
1185 310 1381 365 gloriam,

51 366 300 409 memoriam
337 366 530 420 virtutis,
568 370 844 408 monumnenta
880 367 1086 409 victoriae
1126 367 1170 410 C.
1204 368 1380 411 Verrem

50 425 286 467 sustulisse.
348 424 468 473 Quod
511 440 605 467 cum
643 426 714 466 isti
755 426 1072 467 renuntiaretur
1110 426 1160 468 de
1197 427 1293 468 basi
1332 442 1380 470 ac
1407 436 1448 467 79

49 483 225 537 litteris,
257 483 520 525 existimavit
551 484 743 525 homines
777 485 821 525 in
853 484 1113 526 oblivionem
1145 486 1280 527 totius
1311 501 1380 528 ne-

14 553 31 580 5
50 542 157 598 gotii
183 556 275 583 esse
300 545 515 595 venturos,
548 543 583 582 si
613 543 742 583 etiam
773 543 913 584 basim
944 546 1167 598 tamquam
1197 544 1380 586 indicem

50 601 115 642 sui
153 601 324 642 sceleris
363 601 619 642 sustulisset.
681 602 832 655 Itaque
869 602 1106 643 tollendam
1143 603 1268 644 istius
1304 603 1381 645 im-

48 659 167 714 perio
187 660 453 713 locaver-unt3
480 674 587 714 quae
606 659 729 700 vobis
750 660 908 701 locatio
936 675 985 701 ex
1011 661 1194 715 publicis
1221 662 1378 704 litteris

48 716 383 775 Segestanorum
413 718 555 773 priore
588 718 754 759 actione
785 719 967 760 recitata
999 722 1075 760 est.

137 776 196 818 Te
226 791 349 831 nunc,
381 776 427 817 P.
454 775 607 831 Scipio,
638 779 693 830 te,
723 777 910 830 inquam,
945 778 1227 820 lectissimum
1260 793 1380 821 orna·
1395 778 1450 819 36

13 835 348 889 ctissimumque
389 835 720 889 adulescentem,
765 836 954 890 appello,
998 837 1074 877 abs
1112 840 1155 878 te
1194 837 1381 879 officium

48 897 170 936 tuum
214 894 404 936 debitum
450 894 596 950 generi
640 890 904 935 et-nomini'
931 895 1101 948 requiro
1139 898 1182 936 et
1219 896 1380 951 flagito.

49 951 134 994 Cur
160 967 238 1007 pro
264 953 362 1007 isto,
387 953 460 1007 qui
485 953 655 994 laudem
681 952 971 1007 honoremque
996 953 1187 995 familiae
1214 958 1381 1009 vestrae

49 1011 324 1066 depeculatus
356 1011 438 1066 est,
477 1026 661 1067 pugnas,
694 1026 767 1053 cur
800 1026 895 1052 eum
928 1011 1148 1054 defensum
1181 1027 1273 1054 esse
1303 1014 1381 1068 vis,
1398 1011 1403 1014 ’

49 1085 122 1111 0111·
143 1085 221 1125 ego
243 1073 340 1111 tuas
363 1071 500 1125 partis
527 1070 725 1125 suscipio,
752 1085 825 1112 cur
850 1073 972 1111 tuum
999 1086 1152 1112 munus
1179 1072 1381 1126 sustineo,

14 1139 123 1170 ⁵cur
165 1128 221 1170 M.
259 1129 424 1170 Tullius
462 1129 506 1170 P.
539 1129 732 1170 Africani
776 1132 1053 1170 monumenta
1095 1131 1293 1185 requirit,
1335 1131 1399 1173 P(

43 1185 190 1242 Scipio
234 1202 348 1241 eum,
394 1188 465 1241 qui
508 1188 586 1229 illa
627 1187 820 1241 sustulit,
863 1187 1079 1230 defendit?
1138 1188 1251 1230 Cum
1288 1205 1381 1232 mos

35 1261 74 1288 ’a
105 1246 339 1287 maioribus
371 1246 555 1288 traditus
588 1246 657 1299 sit,
688 1249 736 1287 ut
767 1244 1048 1287 monumenta
1078 1248 1288 1289 maiorum
1319 1249 1383 1290 ita

49 1319 223 1346 suorum
268 1305 445 1359 quisque
490 1304 705 1357 defendat,
749 1307 798 1346 ut
841 1319 890 1346 ea
932 1319 985 1346 ne
1030 1306 1174 1347 ornari
1212 1307 1382 1360 quidem

47 1363 219 1405 nomine
246 1363 430 1405 aliorum
456 1363 581 1417 sinat,
606 1366 654 1404 tu
679 1364 753 1404 isti
780 1363 930 1417 aderis,
957 1364 1029 1418 qui
1053 1379 1140 1406 non
1166 1365 1382 1408 obstruxit

49 1423 194 1476 aliqua
228 1436 278 1463 ex
309 1427 431 1477 parte
462 1425 739 1472 monumento
771 1421 816 1463 P.
846 1421 1074 1476 Scipionis,
1113 1423 1186 1465 sed
1216 1424 1261 1465 id
1290 1424 1382 1466 fun-

49 1481 162 1522 ditus
202 1480 358 1522 delevit
395 1495 444 1522 ac
479 1474 683 1522 sustulit?
746 1480 952 1530 Quisnam
983 1481 1134 1537 igitur,
1172 1497 1249 1537 per
1280 1483 1380 1525 deos
1408 1492 1453 1523 80

46 1540 317 1582 inmortales!
365 1539 556 1581 tuebitur
592 1539 637 1583 P.
671 1539 881 1594 Scipionis
920 1540 1172 1581 memoriam
1210 1543 1382 1596 mortui,

49 1598 143 1653 quis
181 1601 458 1640 monumenta
496 1601 623 1653 atque
660 1598 816 1640 indicia
852 1598 1045 1653 Virtutis,
1085 1599 1121 1640 si
1158 1602 1207 1641 tu
1239 1615 1288 1641 ea
1318 1598 1403 1642 res

47 1657 206 1712 linquis
256 1672 304 1699 ac
352 1657 510 1698 deseris
555 1671 633 1699 nec
677 1657 816 1698 solum
860 1657 1046 1710 spoliata
1088 1658 1166 1699 illa
1207 1659 1381 1713 pateris,

50 1716 123 1758 sed
143 1730 290 1757 eorum
310 1716 476 1768 [etiam]
501 1716 780 1771 spoliatorem
806 1718 1136 1770 vexatoremque
1154 1717 1382 1759 defendis?

48 1775 219 1816 Adsunt
256 1773 499 1830 Segestani,
542 1775 717 1816 clientes
755 1775 836 1827 tui,
875 1775 978 1815 socii
1015 1775 1163 1830 populi
1199 1776 1382 1818 Romani

49 1837 177 1888 atque
197 1833 340 1887 amici3
366 1833 591 1874 certiorem
615 1836 659 1875 te
683 1833 847 1874 faciunt
866 1832 911 1874 P.
926 1833 1382 1877 AfricanumKartha-

49 1893 147 1948 gine
185 1892 326 1934 deleta
363 1892 638 1934 simulacrum
670 1891 835 1933 Dianae
874 1892 1109 1934 maioribus
1142 1893 1229 1934 suis
1260 1895 1382 1935 resti-

47 1951 194 2005 tuisse,
217 1951 344 2005 idque
370 1951 481 2005 apud
508 1949 767 2006 Segestanos
794 1951 882 1992 eius
909 1950 1184 2006 imperatoris
1209 1953 1381 1994 nomine

19 2010 237 2065 {positum
258 2024 306 2051 ac
326 2009 565 2051 dedicatum
590 2009 740 2064 fuisse3
765 2009 847 2051 hoc
860 2008 1040 2051 Verrem
1067 2010 1379 2053 demoliendum

49 2071 92 2110 et
135 2068 442 2123 asportandum
485 2083 724 2122 nomenque
768 2068 941 2110 omnino
981 2068 1026 2110 P.
1059 2067 1270 2124 Scipionis
1315 2071 1382 2112 de*

49 2127 220 2168 lendum
237 2127 560 2181 tollendumque
574 2141 764 2181 curasse,
784 2129 909 2168 orant
929 2129 971 2168 te
993 2130 1121 2182 atque
1142 2128 1381 2184 obsecrant,

48 2189 97 2227 ut
124 2187 206 2227 sibi
237 2185 502 2241 religionem,
534 2186 680 2241 generi
710 2189 783 2227 tuo
817 2185 986 2227 laudem
1008 2186 1287 2241 gloriamque
1319 2202 1381 2229 re-

49 2240 221 2298 stituas,
258 2247 323 2299 ut,
361 2245 473 2299 quod
510 2259 586 2299 per
617 2244 661 2285 P.
688 2244 940 2291 Africanum
973 2259 1022 2286 ex
1053 2246 1158 2287 urbe
1189 2246 1380 2288 hostium

22 2303 350 2358 ›recuperarint,
380 2303 424 2344 id
448 2317 524 2358 per
554 2305 598 2344 te
630 2317 680 2344 ex
710 2303 937 2358 praedonis
970 2303 1095 2345 domo
1128 2318 1380 2347 conservare

48 2363 226 2415 possint.
288 2361 397 2410 Quid
440 2364 515 2403 aut
556 2364 605 2403 tu
641 2361 709 2403 1113
746 2362 1001 2415 respondere
1039 2362 1218 2404 honeste
1256 2366 1379 2418 potes
1394 2368 1448 2410 37

49 2423 123 2462 aut
157 2420 226 2462 illi
261 2420 418 2473 facere,
453 2420 538 2462 nisi
575 2422 623 2462 ut
652 2422 696 2462 te
728 2435 776 2463 ac
806 2420 935 2462 fidem
966 2423 1087 2462 tuam
1118 2422 1380 2476 implorent?
