1675 2574
486 95 583 131 CAP.
608 100 661 140 14,
690 99 731 131 15
758 99 777 138 ς
802 99 952 130 45-50,
1333 96 1388 138 15

137 190 264 246 Quid,
303 191 339 233 si
372 191 618 233 debuisset?
663 191 920 234 continuone
952 205 1080 233 causa
1110 190 1280 245 fuisset,
1313 207 1387 234 cur
1412 207 1457 239 48

49 265 76 294 a
92 252 291 306 praetore
310 250 567 304 postulares,
592 252 641 292 ut
659 250 773 292 bona
798 249 1068 305 possideres?
1112 249 1212 291 Non
1235 250 1387 304 opinor

47 308 92 350 id
132 308 302 363 quidem
341 322 478 363 neque
518 309 584 350 ius
627 323 719 350 esse
761 323 898 363 neque
939 309 1137 363 cuiquam
1178 309 1387 363 expedire.

49 365 158 416 Quid
200 366 336 422 igitur
374 367 670 409 demonstrat?
731 366 1036 409 Vadimonium
1075 367 1158 408 sibi
1195 367 1257 408 ait
1295 381 1386 408 esse

49 425 276 468 desertum.
320 425 567 480 Antequam
594 426 722 468 doceo
754 426 797 467 id
829 425 992 468 factum
1022 440 1110 468 non
1141 439 1246 480 esse,
1278 426 1385 467 libet
1406 425 1456 466 15

49 483 172 538 mihi,
210 482 254 525 O.
280 483 446 538 Aquili,
485 498 536 525 ex
574 483 704 526 officii
740 485 907 526 ratione
946 487 1074 539 atque
1113 499 1164 526 ex
1196 485 1385 526 omnium

47 541 351 586 consuetudine
389 557 480 584 rem
516 543 656 596 ipsam
695 545 738 584 et
772 542 935 584 factum
971 543 1098 585 simul
1132 541 1223 585 Sex.
1249 542 1387 584 Naevi

47 600 326 644 considerare.
382 600 452 642 Ad
483 600 775 642 vadimonium
806 615 893 643 non
923 604 1118 655 venerat,
1149 604 1198 643 ut
1230 602 1306 655 ais,
1337 601 1388 656 is,

49 659 218 715 quicum
249 659 331 700 tibi
363 658 574 713 affinitas,
608 659 809 713 societas,
842 674 988 701 omnes
1022 660 1202 714 denique
1235 674 1387 702 causae

48 720 92 760 et
109 717 444 760 necessitudines
460 720 626 759 veteres
646 717 978 759 intercedebant.
1016 718 1176 760 Ilicone
1198 719 1250 760 ad
1269 733 1388 774 prae-

47 778 186 819 torem
215 776 278 818 ire
310 776 538 818 convenit?
571 776 829 818 continuone
860 791 1008 818 verum
1038 777 1122 818 fuit
1153 778 1388 832 postulare,

46 837 96 878 ut
120 850 171 877 ex
197 835 334 877 edicto
366 835 482 876 bona
512 834 732 889 possidere
764 834 941 876 liceret?
975 835 1028 876 ad
1059 836 1164 877 haec
1196 838 1389 877 extrema

47 896 91 936 et
126 893 424 936 inimicissima
460 893 555 935 iura
591 895 683 935 tam
721 893 871 947 cupide
911 893 1182 948 decurrebas,
1220 896 1269 936 ut
1306 894 1389 936 tibi

47 952 156 994 1111111
181 953 226 994 111
244 955 478 1008 posterum,
511 952 623 1006 quod
644 952 816 1007 gravius
844 954 972 1006 atque
1005 953 1216 994 crudelius
1247 953 1388 996 facere

47 1025 209 1068 posses,
240 1011 509 1053 reservares?
564 1009 678 1052 Nam
706 1010 806 1064 quid
833 1011 999 1051 homini
1030 1014 1175 1066 potest
1206 1012 1388 1066 turpius,
1413 1021 1458 1052 49

49 1070 150 1125 quid
193 1069 285 1112 viro
330 1069 526 1111 miserius
571 1072 645 1110 aut
690 1069 882 1110 acerbius
927 1083 1007 1110 usu
1050 1070 1224 1111 venire?
1276 1070 1389 1124 quod

47 1130 218 1170 tantum
244 1128 413 1170 evenire
439 1128 630 1182 dedecus,
656 1142 765 1182 quae
791 1130 916 1169 tanta
948 1128 1173 1169 calamitas
1204 1128 1389 1171 inveniri

47 1189 219 1243 potest?
275 1186 504 1228 Pecuniam
543 1186 579 1228 si
617 1186 802 1241 cuipiam
839 1186 1014 1228 fortuna
1052 1186 1212 1228 ademit
1244 1189 1319 1228 aut
1351 1187 1388 1228 si

49 1245 227 1288 alieuius
266 1245 423 1300 eripuit
459 1245 633 1299 iniuria,
677 1247 841 1298 tamen,
883 1245 984 1286 dum
1023 1245 1284 1287 existimatio
1323 1249 1390 1287 est

48 1303 230 1359 integra,
259 1303 386 1346 facile
412 1304 661 1345 consolatur
685 1303 889 1345 honestas
917 1306 1166 1358 egestatem.
1211 1304 1271 1345 At
1301 1318 1389 1345 non

47 1376 172 1404 nemo
199 1365 274 1404 aut
298 1362 538 1418 ignominia
570 1362 746 1404 affectus
781 1365 855 1403 aut
885 1362 1040 1404 iudicio
1073 1362 1191 1418 turpi
1223 1362 1388 1405 convic-

68 1435 118 1462 us
155 1421 281 1463 bonis
313 1421 485 1475 quidem
517 1420 604 1462 suis
636 1421 791 1470 utitur,
829 1421 1007 1462 alterius
1041 1435 1161 1476 opes,
1199 1420 1244 1462 id
1276 1421 1390 1475 quod

93 1479 336 1521 iserrimum
363 1482 440 1533 est,
470 1493 558 1520 non
583 1481 813 1533 exspectat,
844 1479 926 1521 hoc
950 1481 1098 1520 tamen
1127 1479 1173 1521 in
1203 1479 1388 1521 miseriis

77 1538 295 1580 diumento
323 1541 365 1579 et
391 1538 550 1580 solacio
577 1538 838 1579 sublevatur.
894 1537 1024 1579 Cuius
1050 1552 1152 1580 vero
1179 1538 1293 1580 bona
1320 1552 1389 1580 ve-

82 1596 238 1651 'erunt,
276 1596 394 1638 cuius
431 1611 518 1638 non
555 1596 682 1638 modo
718 1596 820 1637 illae
853 1596 1146 1651 amplissimae
1176 1596 1390 1651 fortunae,

72 1655 123 1697 ed
142 1655 274 1696 etiam
293 1655 431 1697 victus
452 1655 719 1708 vestitusque
738 1655 1004 1696 necessarius
1027 1655 1106 1696 sub
1133 1669 1389 1709 praeconem

72 1729 144 1757 um
179 1713 381 1756 dedecore
413 1713 629 1755 subiectus
662 1716 744 1767 est,
782 1713 818 1754 is
849 1727 938 1755 non
968 1713 1095 1755 modo
1129 1727 1179 1754 ex
1209 1728 1388 1755 numero

79 1772 244 1815 'vorum
282 1772 554 1826 exturbatur,
592 1771 682 1825 sed,
720 1771 757 1813 si
787 1771 881 1813 fieri
910 1774 1075 1827 potest,
1112 1771 1227 1814 infra
1258 1772 1389 1814 etiam

95 1833 242 1874 ortuos
293 1831 559 1872 amandatur.
632 1830 807 1872 Etenim
859 1845 975 1872 mors
1028 1831 1212 1872 honesta
1262 1845 1389 1886 saepe

77 1890 183 1932 itam
204 1904 372 1945 quoque
391 1892 562 1944 turpem
583 1891 773 1943 exornat,
798 1889 889 1930 vita
908 1893 994 1931 tam
1011 1889 1152 1944 turpis
1178 1903 1231 1931 ne
1257 1889 1389 1931 morti

78 1949 219 1991 uidem
244 1949 451 1990 honestae
477 1949 619 1990 locum
644 1948 862 2002 relinquit.
910 1947 1026 2001 Ergo
1052 1948 1236 2002 hercule,
1269 1948 1387 1989 cuius
1415 1957 1461 1988 50

80 2022 162 2050 ona
187 2022 238 2049 ex
263 2007 401 2049 edicto
431 2006 718 2062 possidentur,
750 2006 877 2047 liuius
911 2007 1049 2048 omnis
1081 2006 1199 2048 fama
1231 2008 1274 2047 et
1306 2006 1389 2048 exi-

95 2066 242 2108 ‘matio
280 2081 376 2108 cum
413 2065 538 2107 bonis
574 2065 701 2106 simul
739 2065 1003 2120 possidetur3
1041 2065 1091 2106 de
1131 2079 1214 2119 quo
1250 2064 1390 2106 libelli

113 2124 401 2168 celeberrimis
415 2124 523 2166 locis
543 2126 853 2179 proponuntur,
873 2123 972 2166 huic
985 2138 1038 2164 ne
1058 2123 1198 2178 perire
1219 2123 1390 2177 quidem

98 2184 180 2233 cite
205 2184 469 2238 obscureque
495 2182 758 2236 conceditur3
787 2182 854 2224 cui
880 2182 1081 2238 magistri
1106 2182 1214 2223 fiunt
1245 2185 1289 2223 et
1321 2182 1391 2224 do-

95 2241 156 2284 ini
192 2242 532 2296 constituuntur,
571 2242 661 2296 qui,
700 2255 784 2296 qua
820 2242 914 2296 lege
953 2243 996 2282 et
1028 2255 1113 2296 qua
1144 2240 1390 2283 condicione

81 2303 216 2356 creat,
259 2301 557 2356 pronuntient,
602 2300 652 2341 de
696 2314 779 2354 quo
825 2299 998 2341 homine
1041 2299 1265 2354 praeconis
1308 2313 1390 2342 vox
