1618 2584
155 221 239 262 262
564 221 614 254 lN
642 220 678 255 C.
700 220 902 253 VERREM
929 220 1030 254 ACT.
1059 221 1099 254 H.

155 318 198 357 in
217 332 310 358 eam
328 316 413 357 iam
431 319 607 357 venerat
627 316 1004 367 [familiaritatem]
1025 316 1496 370 consuetudinemsrque]

155 376 198 416 in
225 376 456 416 vendendis
484 375 609 415 istius
637 374 817 415 decretis
849 377 891 413 et
922 374 1089 415 iudiciis
1122 375 1497 430 transigendisque

154 435 358 487 negotiis,
409 436 456 473 ut
506 448 639 487 prope
690 433 799 473 alter
844 433 1135 474 Timarchides
1184 437 1497 487 numeraretur3

87 502 151 531 170
180 494 258 533 1100
286 495 378 533 erat
405 492 534 532 etiam
562 491 799 545 capitalior,
827 491 938 545 quod
964 491 1075 531 idem
1103 493 1302 546 pecunias
1330 493 1393 546 iis,
1427 494 1498 547 qui

156 553 209 592 ab
238 552 320 591 isto
349 550 511 604 aliquid
538 550 850 603 mercabantur,
880 550 1044 590 faenori
1071 551 1211 591 dabat.
1262 552 1327 592 Ea
1354 554 1495 592 autem
1519 563 1533 587 5

156 610 388 650 faeneratio
426 611 518 649 erat
555 609 642 649 eius
676 609 808 661 modi,
847 609 1023 661 iudices,
1062 612 1109 649 ut
1143 610 1272 650 etiam
1305 610 1340 650 is
1375 625 1498 663 quae-

157 671 248 708 stus
276 668 374 708 huic
407 668 591 721 cederet3
625 683 742 720 nam,
776 682 880 720 quas
914 668 1116 721 pecunias
1149 668 1316 708 ferebat
1348 668 1400 708 iis
1434 683 1498 709 ex—

155 741 321 781 pensas,
356 727 608 780 quibuscum
635 727 931 777 contrahebat,
964 741 1034 767 eas
1069 730 1142 767 aut
1175 727 1340 767 scribae
1373 727 1497 768 istius

157 788 230 825 aut
256 785 519 826 Timarchidi
553 788 626 825 aut
659 786 789 825 etiam
821 785 895 825 isti
926 785 1010 839 ipsi
1043 786 1256 825 referebat
1290 790 1498 839 acceptas.

155 843 273 884 ldem
300 847 518 897 praeterea
550 844 749 896 pecunias
776 844 901 884 istius
929 844 1292 884 extraordinarias
1324 845 1497 898 grandis
1522 857 1551 880 10
1606 879 1609 900 3

88 911 150 940 171
181 917 255 942 suo
294 903 465 943 nomine
503 902 817 943 faenerabatur.
880 902 961 943 Hic
1002 903 1175 956 [primo]
1211 902 1499 957 Carpinatius,

155 964 254 1001 ante
282 976 409 1014 quam
436 961 479 1001 in
506 961 631 1001 istius
658 961 998 1002 familiaritatem
1027 964 1195 1001 tantam
1222 962 1498 1015 pervenisset,

156 1020 414 1073 aliquotiens
442 1020 493 1060 ad
522 1020 658 1060 socios
686 1020 854 1060 litteras
883 1020 931 1059 de
958 1019 1083 1060 istius
1110 1020 1277 1060 iniuriis
1304 1021 1498 1073 miserat3

156 1079 384 1119 (fanuleius
418 1093 536 1131 vero,
574 1079 645 1131 qui
677 1079 721 1119 in
754 1082 882 1132 portu
915 1077 1137 1131 Syracusis
1171 1093 1322 1132 operas
1356 1080 1498 1133 dabat,

153 1137 270 1178 furta
321 1152 485 1191 quoque
530 1137 655 1177 istius
700 1137 916 1190 permulta
960 1138 1214 1177 nominatim
1262 1137 1314 1178 ad
1360 1138 1496 1179 socios
1520 1150 1552 1174 15
1604 1172 1609 1193 2

153 1196 476 1250 perscripserat,
503 1210 552 1236 ea
573 1210 679 1249 quae
702 1196 790 1236 sine
818 1196 1010 1249 portorio
1034 1194 1255 1249 Syracusis
1283 1200 1405 1237 erant
1433 1212 1497 1237 ex-

154 1257 345 1307 portata,
423 1259 591 1303 portum
634 1257 777 1294 autem
799 1258 841 1294 et
863 1254 1121 1308 scripturam
1144 1255 1290 1294 eadem
1315 1255 1496 1297 societas

154 1314 353 1354 habebat.
418 1313 484 1353 lta
526 1314 687 1353 factum
727 1316 809 1366 est,
854 1316 901 1353 ut
937 1317 1080 1353 essent
1112 1314 1345 1367 permulta,
1391 1329 1498 1368 quae

155 1386 202 1412 ex
244 1372 460 1412 societatis
501 1372 657 1412 litteris
697 1372 833 1412 dicere
865 1372 909 1412 in
942 1372 1071 1411 istum
1106 1375 1148 1411 et
1180 1372 1371 1426 proferre
1404 1387 1498 1427 pos-

85 1439 149 1468 172
178 1445 330 1471 semus.
387 1429 548 1470 Verum
582 1430 746 1483 accidit,
779 1433 826 1471 ut
859 1430 1145 1484 Carpinatius,
1180 1431 1250 1484 qui
1284 1431 1368 1471 iam
1403 1446 1497 1472 cum
1519 1442 1550 1466 20
1604 1465 1610 1476 ὲ

152 1490 237 1529 isto
265 1504 433 1529 summa
460 1489 776 1542 consuetudine,
809 1492 1031 1543 praeterea
1058 1504 1101 1529 re
1130 1503 1177 1529 ac
1204 1490 1370 1530 ratione
1404 1504 1498 1530 con-
1604 1484 1609 1488 ’

152 1548 321 1588 iunctus
364 1550 494 1600 esset,
540 1548 711 1588 crebras
756 1550 908 1601 postea
952 1548 1120 1588 litteras
1166 1547 1218 1588 ad
1263 1548 1400 1589 socios
1448 1549 1498 1589 de

151 1607 277 1647 istius
306 1606 483 1647 summis
512 1606 664 1647 officiis
697 1607 741 1647 in
773 1621 862 1647 rem
895 1620 1164 1647 communem
1197 1607 1497 1660 beneficiisque

152 1665 356 1705 mitteret.
408 1665 580 1705 Etenim
609 1680 704 1706 cum
731 1665 813 1705 iste
840 1665 996 1718 omnia,
1029 1680 1319 1719 quaecumque
1353 1665 1497 1719 Carpi-

150 1724 295 1764 natius
334 1724 603 1777 postulabat,
648 1724 786 1764 faeere
826 1739 874 1765 ac
913 1724 1135 1765 decernere
1175 1724 1360 1777 solebat,
1405 1727 1496 1765 tum
1518 1735 1548 1760 25

152 1783 225 1823 ille
253 1783 383 1823 etiam
410 1783 535 1837 plura
569 1783 785 1823 scribebat
818 1782 870 1823 ad
903 1783 1054 1834 socios,
1086 1785 1144 1835 ut,
1177 1783 1213 1822 si
1245 1786 1403 1836 posset,
1437 1798 1496 1830 ea,
1604 1778 1608 1782 ’

153 1856 260 1894 quae
282 1844 407 1881 antea
429 1842 672 1894 scripserat,
696 1841 823 1894 plane
845 1841 1124 1896 extingueret.
1171 1841 1237 1881 Ad
1259 1844 1496 1882 extremum

152 1914 270 1952 vero,
310 1914 405 1939 cum
444 1900 526 1939 iste
564 1900 649 1940 iam
687 1899 932 1951 decedebat,
972 1899 1060 1940 eius
1094 1899 1209 1939 modi
1242 1900 1409 1941 litteras
1444 1901 1496 1941 ad

153 1972 223 1998 eos
246 1958 380 1998 misit:
409 1960 456 1998 ut
477 1958 574 1999 huic
597 1957 843 2011 frequentes
871 1958 1043 1998 obviam
1070 1958 1304 2012 prodirent,
1332 1959 1494 2013 gratias

152 2019 341 2071 agerent,
367 2016 558 2057 facturos
586 2031 641 2069 se,
669 2016 704 2056 si
733 2017 832 2070 quid
860 2017 1125 2071 imperasset,
1153 2018 1343 2057 studiose
1370 2018 1494 2071 polli-
1515 2028 1545 2052 30
1587 2029 1588 2039 ¹

150 2078 364 2128 cerentur3
404 2075 548 2128 itaque
587 2076 691 2116 socii
725 2075 917 2117 fecerunt
950 2078 1092 2116 vetere
1124 2076 1325 2117 instituto
1359 2077 1489 2129 publi-

149 2148 365 2187 canorum,
398 2149 483 2174 non
511 2148 593 2188 quo
627 2134 759 2175 istum
792 2135 878 2175 ullo
913 2135 1073 2175 honore
1107 2135 1280 2188 dignum
1315 2135 1494 2176 arbitra-

149 2195 315 2245 rentur,
354 2193 426 2233 sed
467 2193 578 2246 quod
615 2208 691 2233 sua
723 2194 929 2234 interesse
962 2194 1174 2247 putabant
1208 2207 1251 2234 se
1284 2208 1492 2235 memores

150 2254 383 2306 gratosque
405 2252 654 2304 existimari,
683 2253 845 2306 gratias
873 2252 946 2292 isti
974 2256 1169 2307 egerunt,
1197 2252 1493 2306 Carpinatium

150 2325 275 2364 saepe
316 2310 368 2351 ad
408 2325 451 2351 se
489 2310 537 2350 de
572 2311 660 2351 eius
695 2310 846 2352 officiis
880 2311 1048 2351 litteras
1083 2311 1249 2351 misisse
1284 2311 1490 2352 dixerunt.
1511 2320 1540 2347 35

78 2348 142 2429 {7713
172 2368 258 2409 Iste
281 2384 375 2410 cum
402 2369 695 2423 respondisset
723 2384 772 2410 ea
799 2384 842 2409 se
870 2370 1053 2410 libenter
1078 2368 1229 2410 fecisse
1257 2384 1491 2424 operasque

148 2426 371 2481 Carpinati
400 2442 661 2482 magnopere
689 2428 919 2481 laudasset,
954 2428 1026 2468 dat
1054 2428 1188 2468 amico
1218 2443 1293 2468 suo
1324 2429 1491 2469 cuidam
