1675 2574
501 106 600 142 CAP.
621 111 758 142 21—23
785 111 804 149 g
831 111 979 142 69—75.
1351 109 1407 148 23

6 199 7 202 '
68 204 278 255 nostrum,
303 200 428 242 iudex
448 201 540 256 ipse
561 201 851 244 coercebitur?
878 227 932 232 —
960 201 1070 250 Quid
1096 202 1218 243 tum?
1246 227 1300 232 —
1328 203 1408 244 ‘Tu
1435 213 1476 243 72

8 277 10 315 ς
69 260 256 314 aliquem
293 262 524 313 patronum
562 260 771 315 invenies,
808 260 1026 302 hominem
1065 260 1231 314 antiqui
1266 261 1407 315 officii,

8 333 9 337 ¹
69 318 142 372 qui
168 318 439 372 splendorem
465 321 661 360 nostrum
688 322 730 360 et
757 320 942 373 gratiam
974 319 1198 374 neglegat3
1229 333 1306 373 pro
1340 334 1406 360 me

10 402 13 427 ;
67 376 280 431 pugnabit
316 375 361 416 L.
389 376 633 431 Philippus,
671 378 932 431 eloquentia,
972 377 1206 433 gravitate,
1245 377 1407 419 honore

32 445 49 471 5
68 434 396 476 florentissimus
427 435 627 488 civitatis,
660 436 771 477 dicet
802 436 1072 489 Hortensius,
1104 436 1315 477 excellens
1348 436 1407 477 in-

12 530 13 538 ,
69 492 206 548 genio,
226 493 468 547 nobilitate,
492 494 820 548 existimatione,
847 495 1028 536 aderunt
1048 497 1191 535 autem
1211 494 1406 536 homines

12 553 14 599 ἶ
66 551 326 593 nobilissimi
358 566 407 592 ac
442 552 750 606 potentissimi,
788 555 836 593 ut
867 567 1014 594 eorum
1045 552 1332 607 frequentiam
1365 556 1408 594 et

13 622 15 626 ·
67 623 313 651 consessum
351 623 438 651 non
470 610 596 651 modo
628 610 674 651 P.
701 609 941 665 Quinctius,
981 612 1053 665 qui
1086 611 1136 652 de
1168 611 1307 666 capite
1341 611 1408 652 de-

67 667 214 722 cernit,
235 667 308 709 sed
328 667 479 722 quivis,
501 668 572 722 qui
593 671 714 709 extra
734 669 970 723 periculum
991 670 1060 723 sit,
1079 669 1406 724 perhorrescat.'

32 725 184 767 oHaec
230 728 296 767 est
338 726 487 780 iniqua
529 727 727 780 certatio,
773 741 859 768 non
904 728 998 781 illa,
1045 743 1128 782 qua
1172 731 1220 769 tu
1258 731 1407 771 contra
1434 732 1476 763 73

15 794 17 833 ῑ
65 784 270 826 Alfenum
315 784 558 838 equitabas3
602 785 701 826 huic
737 800 789 826 ne
827 786 901 826 ubi
939 786 1195 827 consisteret
1236 787 1406 840 quidem

16 843 17 857 ³
66 845 217 885 contra
241 845 285 884 te
316 843 460 884 locum
491 843 715 897 reliquisti.
772 842 911 892 Quare
945 847 1019 885 aut
1051 845 1201 886 doceas
1235 848 1408 900 oportet

17 903 19 938 ἓ
65 901 270 942 Alfenum
301 915 483 957 negasse
516 899 560 943 se
591 904 915 956 procuratorem
947 917 1056 957 esse,
1087 918 1174 944 non
1206 903 1406 945 deiecisse

18 959 19 962 ’
65 959 252 1014 libellos,
282 960 486 1001 iudicium
513 960 703 1014 accipere
728 960 931 1014 noluisse,
964 964 1048 1015 aut,
1081 976 1177 1003 cum
1208 962 1313 1003 haec
1345 962 1408 1003 ita

20 1029 47 1056 5
65 1017 182 1059 facta-
219 1018 323 1071 sint,
361 1033 411 1059 ex
449 1018 586 1059 edicto
624 1021 667 1059 te
705 1019 820 1060 bona
857 1018 902 1060 P.
929 1018 1100 1068 Quincti
1137 1034 1224 1061 non
1261 1035 1407 1074 posse-

22 1116 23 1121 ,
67 1076 178 1117 disse
210 1077 428 1118 concedas.

151 1134 325 1176 Etenim
363 1135 400 1175 si
432 1150 482 1176 ex
514 1135 652 1176 edicto
684 1135 932 1190 possedisti,
972 1150 1147 1190 quaero,
1187 1151 1261 1178 cur
1291 1137 1406 1178 bona
1421 1136 1476 1176 23

64 1208 152 1235 non
186 1193 415 1247 venierint,
453 1208 527 1235 cur
559 1193 688 1235 ceteri
721 1208 950 1248 sponsores
983 1197 1026 1235 et
1057 1194 1289 1236 creditores
1320 1209 1406 1236 non

66 1252 361 1306 convenerint3
386 1266 566 1293 nemone
592 1252 686 1306 fuit,
714 1252 780 1293 cui
813 1253 986 1294 deberet
1013 1252 1265 1301 Quinctius?
1302 1252 1407 1294 Fue-

66 1313 184 1365 runt,
218 1313 261 1351 et
293 1311 534 1365 complures
565 1310 755 1364 fuerunt,
794 1313 1024 1366 propterea
1056 1312 1170 1365 quod
1201 1310 1245 1353 C.
1271 1311 1407 1353 frater

65 1369 336 1423 aliquantum
380 1369 490 1410 aeris
536 1369 664 1410 alieni
708 1369 953 1423 reliquerat.
1016 1369 1126 1418 Quid
1168 1384 1270 1425 ergo
1310 1371 1405 1411 est?

28 1432 30 1434 ’
64 1427 272 1469 Homines
300 1430 423 1468 erant
449 1428 502 1468 ab
534 1428 616 1469 hoc
648 1442 794 1469 omnes
828 1428 1092 1481 alienissimi,
1125 1431 1168 1469 et
1199 1428 1251 1469 iis
1285 1429 1407 1470 debe-

65 1487 213 1540 batur,
253 1501 390 1540 neque
427 1488 573 1527 tamen
612 1486 838 1540 quisquam
874 1486 1074 1528 inventus
1115 1489 1180 1528 est
1217 1489 1308 1528 tam
1346 1487 1406 1528 in-

67 1545 224 1600 signite
244 1544 480 1599 improbus,
507 1544 579 1599 qui
598 1545 759 1586 violare
778 1544 825 1585 P.
845 1543 1018 1593 Quincti
1044 1545 1405 1587 existimationem

38 1628 40 1637 r
65 1603 257 1645 absentis
284 1603 477 1656 auderet3
502 1617 611 1643 unus
637 1603 731 1657 fuit,
763 1603 918 1656 affinis,
943 1604 1095 1658 socius,
1125 1604 1405 1657 necessarius,
1433 1612 1475 1643 74

65 1659 158 1703 Sex.
178 1660 379 1715 Naevius,
406 1661 490 1715 qui,
516 1662 722 1715 cumipse
742 1662 857 1702 ultro
886 1662 1070 1715 deberet,
1101 1662 1225 1716 quasi
1251 1662 1405 1703 eximio

34 1763 35 1767 ,
65 1720 259 1776 praemio
292 1719 465 1761 sceleris
498 1720 693 1774 exposito
725 1719 999 1774 cupidissime
1032 1720 1324 1774 contenderet,
1359 1723 1407 1761 ut

34 1777 35 1780 '
64 1793 141 1835 per
167 1793 212 1820 se
238 1778 446 1820 afflictum
473 1781 601 1832 atque
629 1793 823 1819 eversum
848 1778 1137 1833 propinquum
1164 1793 1287 1820 suum
1319 1793 1407 1820 non

36 1866 37 1871 ,
65 1837 191 1879 modo
211 1837 391 1878 honeste
411 1837 549 1891 partis
576 1837 713 1891 bonis,
738 1851 887 1878 verum
914 1837 1044 1878 etiam
1070 1837 1286 1879 communi
1312 1838 1405 1879 luce

36 1892 266 1951 privaret.
327 1895 415 1937 Ubi
460 1898 582 1936 erant
626 1895 756 1937 ceteri
800 1895 1061 1937 creditores?
1107 1896 1286 1950 denique
1324 1896 1406 1937 hoc

38 1957 258 2009 tempore
295 1954 369 1995 ubi
408 1954 536 1995 sunt?
587 1953 690 2002 Quis
729 1957 810 2007 est,
850 1954 922 2008 qui
961 1954 1244 1995 fraudationis
1279 1969 1406 1996 causa

38 2056 40 2058 ,
64 2013 243 2054 latuisse
270 2012 396 2067 dicat,
423 2013 530 2066 quis,
563 2013 635 2066 qui
661 2012 883 2053 absentem
911 2012 1132 2053 defensum
1157 2015 1404 2068 negetvesse

39 2071 40 2077 ’
65 2071 340 2120 Quinctium?
366 2069 505 2112 Nemo
526 2070 754 2112 invenitur.
790 2071 851 2111 At
871 2074 1022 2112 contra
1048 2083 1206 2121 omnes,
1234 2071 1404 2125 quibus·
1433 2080 1473 2110 75

65 2145 161 2172 cum
197 2130 307 2171 ratio
346 2130 444 2171 huic
483 2132 558 2171 aut
596 2132 662 2170 est
700 2131 775 2170 aut
811 2129 911 2182 fuit,
951 2129 1124 2184 adsunt,
1163 2129 1406 2184 defendunt,

64 2188 170 2230 fides
195 2188 323 2230 huius
349 2188 499 2229 multis
526 2188 632 2229 locis
660 2187 834 2243 cognita
859 2202 912 2228 ne
943 2188 1123 2254 perfidia
1155 2186 1249 2229 Sex.
1267 2187 1406 2230 Naevi

42 2246 44 2299 ff
66 2247 307 2302 derogetur,
334 2247 550 2288 laborant.
599 2246 649 2287 In
674 2246 800 2287 huius
827 2246 943 2287 modi
969 2247 1244 2301 sponsionem
1269 2248 1404 2288 testes

43 2305 166 2350 dare
193 2305 422 2361 oportebat
448 2320 498 2346 ex
524 2319 573 2347 eo
598 2319 788 2358 numero,
815 2305 887 2359 qui
912 2305 1017 2347 haec
1044 2305 1249 2348 dicerent:
1274 2304 1405 2347 Vadi-
