1618 2584
177 216 262 257 372
535 230 539 234 >
579 216 630 250 IN
659 216 695 251 0.
716 215 919 271 VERREM
945 202 1050 250 A'or.
1077 215 1119 249 Π.

178 312 329 355 Graeci
355 312 563 366 homines,
594 312 851 353 incolebant.
901 310 983 352 Sed
1009 311 1122 365 quod
1153 314 1246 352 erat
1277 311 1365 352 eius
1399 311 1514 353 modi

176 372 270 414 loco
316 374 443 425 atque
488 371 550 411 ita
587 370 777 424 proiecta
814 370 859 411 in
896 370 1050 423 altum,
1092 372 1141 410 ut
1177 373 1220 411 et
1257 373 1456 411 exeuntes
1492 387 1513 411 e

178 429 328 472 Cicilia
353 430 588 484 praedones
619 443 743 482 saepe
776 428 829 470 ad
860 443 953 470 eam
985 429 1224 470 necessario
1257 428 1513 483 devenirent,

177 492 236 543 et’,
274 503 403 543 quom
442 502 485 528 se
524 502 574 528 ex
611 487 727 529 hisce
765 487 870 529 locis
908 486 1162 541 reciperent,
1201 487 1347 529 eodem
1383 487 1515 529 defer-

176 550 341 601 rentur,
380 546 649 588 adsciverunt
686 546 769 587 sibi
802 546 909 587 illud
941 546 1145 601 oppidum
1176 546 1342 600 piratae
1374 547 1512 600 primo

178 607 445 659 commercio,
478 605 626 646 deinde
653 605 784 646 etiam
810 605 1026 646 societate.
1076 604 1334 646 Mamertina
1362 605 1513 646 civitas

176 665 375 719 improba
413 666 540 705 antea
576 678 663 705 non
701 666 810 718 erat3
850 663 980 704 etiam
1019 666 1111 705 erat
1147 663 1320 705 inimica
1357 664 1514 718 impro-

176 725 348 776 borum,
392 737 500 777 quae
539 721 583 764 C.
616 721 811 776 Catonis,
847 722 965 763 illius
1002 722 1076 776 qui
1113 722 1261 764 consul
1298 722 1399 776 fuit,
1436 723 1514 764 im-

176 782 423 837 pedimenta
448 781 637 822 retinuit.
692 781 753 822 At
783 781 901 823 cuius
933 780 1137 822 hominis!
1194 780 1434 822 Clarissimi
1466 797 1514 823 ac
1558 791 1560 794 ’

175 840 485 896 potentissimi,
523 840 595 894 qui
630 842 775 881 tamen
806 855 901 881 cum
933 840 1081 881 consul
1112 840 1283 894 fuisset,
1320 840 1512 882 condem-

175 902 304 941 natus
350 902 426 941 est.
494 898 562 940 Ita
593 898 636 941 O.
670 898 794 953 Cato,
839 899 1018 940 duorum
1061 898 1284 940 hominum
1328 899 1513 940 clarissi-

176 973 344 1000 morum
375 972 527 1013 nepos,
564 957 610 999 L.
636 957 761 999 Pauli
793 960 835 998 et
866 957 920 998 M.
948 956 1143 1010 Catonis,
1178 960 1220 998 et
1251 957 1296 999 P.
1323 957 1514 999 Africani

176 1017 336 1059 sororis
386 1017 612 1058 filius...
662 1031 745 1071 quo
796 1016 998 1058 damnato
1048 1019 1159 1067 tum,
1214 1030 1309 1058 cum
1359 1016 1514 1058 iudicia

175 1076 354 1130 fiebant,
397 1075 471 1118 HS
509 1077 579 1117 iffi
618 1075 672 1116 lis
711 1075 939 1116 aestimata
977 1077 1054 1116 est.
1121 1074 1232 1116 Huic
1268 1074 1514 1117 Mamertini

175 1135 276 1176 irati
320 1135 511 1189 fuerunt,
555 1135 627 1188 qui
672 1134 877 1175 maiorem
918 1136 1156 1187 sumptum,
1199 1148 1323 1187 quam
1364 1135 1514 1188 quanti

177 1193 353 1236 Catonis
403 1193 456 1234 lis
502 1193 730 1234 aestimata
774 1196 856 1246 est,
899 1192 943 1233 in
985 1192 1245 1233 Timarchidi
1288 1193 1513 1247 prandium

177 1268 303 1307 saepe
339 1252 541 1294 fecerunt.
597 1251 757 1293 Verum
794 1251 900 1293 haec
937 1251 1088 1292 civitas
1126 1251 1199 1291 isti
1231 1252 1434 1305 praedoni
1466 1267 1514 1294 ac

175 1312 342 1367 piratae
385 1310 596 1352 Siciliensi
636 1310 831 1351 Phaselis
874 1309 975 1364 fuit3
1018 1310 1101 1351 huc
1143 1310 1288 1351 omnia
1329 1310 1513 1365 undique

177 1371 494 1423 deferebantur,
532 1370 645 1423 apud
682 1369 790 1410 istos
828 1369 1199 1423 relinquebantur3
1237 1369 1349 1422 quod
1384 1370 1514 1411 celari

176 1444 283 1484 opus
328 1432 438 1483 erat,
486 1429 706 1470 habebant
750 1425 1071 1483 sepositum'et
1113 1424 1397 1481 recon'ditum3
1440 1443 1514 1482 per

175 1489 301 1542 istos,
346 1502 453 1542 quae
490 1488 682 1541 volebat,
720 1487 830 1528 clam
865 1486 1126 1541 inponenda,
1165 1487 1328 1528 occulte
1366 1501 1515 1541 expor-

176 1547 308 1588 tanda
339 1544 536 1600 curabat3
572 1560 726 1590 navem
758 1545 937 1599 (lenique
970 1545 1219 1599 maximam,
1255 1560 1383 1600 quam
1415 1560 1515 1587 onu-

178 1610 290 1647 stam
316 1606 444 1646 furtis
471 1605 515 1646 in
545 1604 719 1646 Italiam
753 1605 956 1654 mitteret,
989 1604 1101 1659 apud
1132 1604 1239 1646 istos
1272 1604 1514 1646 faciundam

177 1665 566 1718 aedificandamque
593 1663 776 1717 curavit3
807 1678 885 1718 pro
911 1663 1028 1704 hisce
1053 1663 1180 1704 rebus
1212 1663 1380 1705 vacatio
1414 1663 1514 1704 data

177 1727 243 1765 est
269 1724 322 1765 ab
355 1723 440 1765 isto
473 1726 688 1778 sumptus,
719 1722 898 1776 laboris,
930 1722 1128 1775 militiae,
1160 1737 1302 1763 rerum
1335 1722 1514 1776 denique

178 1783 387 1836 omnium,
408 1796 482 1836 per
502 1782 735 1823 triennium
756 1781 837 1822 8011
856 1796 942 1822 11011
961 1781 1087 1822 modo
1107 1781 1151 1821 in
1172 1780 1329 1835 Sicilia,
1355 1795 1514 1834 verum,

176 1845 225 1882 ut
263 1841 407 1896 opinio
446 1856 540 1882 mea
576 1841 679 1895 fert,
715 1840 782 1881 his
821 1840 989 1894 quidem
1024 1840 1291 1894 temporibus
1322 1840 1367 1881 in
1399 1841 1514 1881 omni

178 1901 279 1941 orbe
305 1903 518 1941 terrarum
544 1899 677 1953 vacui,
710 1902 916 1953 expertes,
949 1898 1080 1940 soluti
1107 1913 1154 1940 ac
1186 1899 1312 1940 liberi
1341 1899 1514 1948 fuerunt

179 1960 232 2000 ab
260 1959 376 2000 omni
408 1961 599 2013 sumptu,
632 1958 848 2011 molestia,
879 1972 1063 1999 munere.
1119 1956 1230 1999 Hinc
1261 1958 1337 1999 illa
1362 1957 1513 1999 Verria

1535 852 1568 877 10

1535 1128 1618 1181 15'l

1535 1439 1568 1464 20

1534 1732 1617 1777 25„

176 2020 280 2059 nata
307 2019 417 2071 sunt,
451 2018 561 2071 quod
587 2017 631 2057 in
663 2017 904 2058 convivium
931 2015 1022 2070 Sex.
1043 2015 1286 2058 Cominium
1317 2017 1514 2071 protrahi
1533 2026 1564 2052 3⁰
1589 2034 1591 2048 ·
1616 2042 1618 2065 ÷

177 2077 315 2131 iussit,
347 2077 391 2117 in
418 2090 543 2130 quem
576 2076 785 2130 scyphum
817 2076 867 2117 de
899 2090 1027 2116 manu
1059 2075 1195 2117 iacere
1227 2078 1404 2117 conatus
1437 2078 1514 2129 est,

174 2150 305 2190 quem
350 2136 524 2176 obtorta
569 2135 670 2189 gula
714 2134 763 2176 de
809 2134 1001 2176 convivio
1045 2135 1089 2175 in
1127 2135 1268 2176 vincla
1305 2137 1432 2188 atque
1466 2135 1514 2188 *in

178 2194 378 2236 tenebras
417 2194 556 2248 abripi
593 2194 736 2247 iussit3
780 2194 879 2235 hinc
915 2193 992 2234 illa
1029 2208 1147 2247 crux,
1184 2193 1230 2234 in
1268 2208 1395 2247 quam
1432 2193 1513 2234 iste

178 2254 313 2295 civem
339 2253 581 2294 Romanum
614 2227 761 2293 multis
793 2252 1133 2307 inspectantibus
1166 2252 1353 2306 sustulit,
1386 2267 1513 2306 quam

178 2327 263 2353 non
290 2326 416 2353 ausus
444 2314 509 2353 est
540 2325 721 2365 usquam
754 2311 936 2366 defigweie
968 2311 1051 2352 nisi
1083 2310 1195 2365 apud
1227 2320 1311 2365 eos,
1343 2311 1512 2365 quibus·
1530 2318 1561 2345 ³5
1589 2306 1590 2328 ¹

178 2386 274 2412 CUm
319 2371 462 2413 Offlnla
506 2371 664 2412 scelera
709 2385 784 2411 SUa
825 2385 874 2412 aC
912 2370 1137 2411 latlocinia
1174 2370 1512 2412 commumcavlt.

112 2428 161 2466 11
178 2429 418 2470 Laudatum
446 2429 575 2470 etiam
607 2443 683 2470 vos
717 2443 973 2483 quemquam
1004 2428 1187 2469 venitis?
1220 2443 1303 2481 qua
1335 2428 1512 2470 auctori-
