1618 2584
381 243 467 278 [ΑΒ.
496 245 527 278 ΙΙ
568 244 665 279 CAP.
694 249 829 279 29—31
857 250 876 288 g
904 249 1051 280 71—77.
1305 247 1388 288 227

58 341 102 381 in
139 342 305 395 partem
342 354 428 380 non
468 340 607 381 solum
645 343 803 394 mente,
847 356 995 383 verum
1033 341 1163 382 etiam
1201 357 1390 397 corpore,

59 401 106 439 ut
143 412 305 452 omnes,
345 399 416 452 qui
449 399 643 452 aderant,
680 400 932 454 intellegere
964 402 1140 455 possent
1171 400 1216 441 in
1249 402 1389 442 animo

58 457 147 498 eius
179 458 340 498 metum
373 472 467 498 cum
501 458 733 512 cupiditate
766 473 968 513 pugnare.
1030 459 1137 500 Erat
1168 459 1391 501 hominum

58 517 290 557 conventus
331 516 561 570 maximus,
599 531 812 558 summum
851 517 1085 569 silentium,
1124 532 1291 559 summa
1326 533 1391 559 ex-

22 586 37 610 5
57 574 256 628 pectatio,
284 589 469 629 quonam
497 578 608 616 esset
635 576 724 616 eius
751 576 960 630 cupiditas
990 579 1210 631 eruptura3
1241 578 1389 619 crebro

58 647 101 673 se
135 647 333 675 accensus
368 633 622 675 demittebat
654 634 706 675 ad
739 649 883 675 aurem
915 635 1218 677 Timarchides.
1280 636 1389 677 Tum
1417 648 1459 679 75

55 692 137 732 iste
176 692 422 745 aliquando:
457 692 565 747 ‘Age
606 692 704 733 dicl'
743 693 893 746 inquit.
950 694 1062 735 Reus
1103 709 1224 735 orare
1263 698 1390 749 atque

58 750 291 803 obsecrare,
323 753 371 791 ut
402 765 496 792 cum
529 751 707 792 consilio
740 756 1027 807 cognosceret.
1077 753 1186 794 Tum
1217 758 1391 808 repente

56 809 136 850 iste
175 811 307 850 testes
347 809 470 851 citari
507 809 643 863 iubet,
682 810 783 851 dicit
824 826 931 852 unus
970 814 1012 852 et
1045 812 1154 852 alter
1185 812 1391 867 breviter3

5 880 36 903 ιο
55 867 164 908 nihil
201 868 511 923 interrogatur,
554 883 707 922 praeco
746 881 928 911 DIXISSE
968 871 1231 923 pronuntiat.
1291 871 1391 926 Iste,

56 926 178 980 quasi
209 929 430 979 metueret,
462 941 513 968 ne
539 926 720 968 Petilius
753 928 922 982 privato
954 929 1031 969 illo
1064 929 1218 971 iudicio
1250 932 1390 971 trans-

56 987 151 1026 acto
177 988 249 1026 aut
274 985 444 1040 prolato
472 1000 566 1027 cum
595 986 745 1027 ceteris
772 987 816 1026 in
843 987 1067 1028 consilium
1093 991 1390 1041 reverteretur,

54 1044 117 1085 ita
148 1059 383 1099 properans
418 1044 466 1085 de
501 1045 607 1086 sella
640 1045 776 1097 exilit,
814 1045 1032 1087 hominem
1063 1046 1334 1089 innocentem
1366 1063 1391 1089 a

56 1101 101 1144 C.
134 1101 360 1144 Sacerdote
408 1104 655 1144 absolutum
701 1104 861 1146 indicta
906 1119 1033 1146 causa
1081 1105 1130 1146 de
1176 1107 1390 1148 sententia

5 1171 35 1196 15
56 1161 237 1215 scribae,
271 1162 422 1203 medici
454 1162 813 1217 haruspicis[que]
847 1164 1112 1204 condemnat.

142 1220 357 1274 Retinete,
407 1221 589 1262 retinete
633 1222 850 1262 hominem
893 1223 938 1263 in
981 1223 1172 1277 civitate,
1218 1224 1389 1278 iudices,
1404 1209 1459 1291 3„ss

55 1279 216 1333 parcite
243 1281 285 1320 et
311 1282 571 1334 conservate,
603 1283 651 1321 ut
677 1280 744 1333 sit,
777 1280 849 1335 qui
875 1281 1095 1323 vobiscum
1121 1297 1188 1323 res
1221 1283 1389 1336 iudicet,
1422 1272 1429 1291 ⁴

56 1338 128 1392 qui
164 1338 209 1379 in
247 1341 398 1380 senatu
437 1339 526 1379 sine
564 1339 654 1380 ulla
692 1339 926 1394 cupiditate
966 1340 1015 1381 de
1053 1341 1168 1382 bello
1208 1344 1250 1382 et
1288 1357 1389 1395 pace

56 1394 313 1438 sententiam
338 1397 461 1438 ferat.
518 1397 709 1439 Tametsi
740 1398 880 1439 minus
912 1399 954 1440 id
988 1399 1157 1453 quidem
1188 1400 1314 1441 nobis
1347 1404 1389 1442 et

4 1466 35 1490 20
54 1456 213 1509 populo
246 1456 439 1497 Romano
481 1457 762 1498 laborandum
802 1460 882 1511 est,
922 1458 1061 1512 qualis
1096 1458 1221 1499 istius
1253 1459 1298 1500 in
1330 1474 1390 1500 se-

54 1517 160 1554 natu
193 1515 404 1555 sententia
434 1514 580 1555 futura
613 1515 680 1556 sit.
737 1515 852 1563 Quae
886 1517 998 1557 enim
1031 1517 1120 1558 eius
1154 1518 1388 1559 auctoritas

56 1573 164 1613 erit?
206 1573 373 1627 quando
412 1573 494 1614 iste
528 1574 782 1615 sententiam
816 1574 952 1616 dicere
986 1576 1159 1616 audebit
1192 1580 1266 1617 aut
1296 1581 1388 1631 pot-

56 1631 165 1672 erit?
199 1632 367 1685 quando
406 1635 549 1673 autem
587 1633 716 1674 homo
754 1636 901 1674 tantae
937 1634 1129 1675 luxuriae
1162 1638 1290 1690 atque
1324 1636 1389 1677 de-

55 1690 186 1731 sidiae
200 1691 284 1731 nisi
298 1690 530 1732 Februario
552 1706 694 1732 mense
715 1692 926 1746 aspirabit
945 1693 990 1733 in
1010 1693 1201 1735 curiam?
1228 1694 1388 1736 Verum

2 1758 34 1784 25
53 1749 198 1790 veniat
250 1764 369 1803 sane,
426 1750 622 1791 decernat
672 1750 834 1791 bellum
885 1750 1179 1805 Cretensibus,
1235 1753 1389 1794 liberet

52 1806 303 1861 Byzantios,
352 1822 497 1862 regem
545 1809 735 1863 appellet
777 1809 1093 1865 Ptolomaeum,
1145 1826 1251 1865 quae
1294 1812 1388 1853 vult

53 1866 323 1921 Hortensius,
353 1867 495 1908 omnia
528 1867 641 1909 dicat
668 1870 710 1908 et
737 1868 919 1922 sentiat3-
946 1869 1085 1910 minus
1111 1870 1192 1911 hoc
1219 1870 1272 1911 ad
1296 1885 1387 1925 nos,

53 1925 191 1966 minus
237 1925 290 1967 ad
333 1926 447 1967 vitae
484 1929 657 1968 nostrae
696 1927 940 1981 discrimen,
984 1928 1124 1969 minus
1164 1929 1216 1969 ad
1253 1929 1386 1970 fortu-

51 1999 202 2025 narum
248 1987 494 2026 nostrarum
540 1985 776 2039 periculum
819 1987 1017 2041 pertinet.
1085 1987 1200 2028 Illud
1245 1988 1385 2040 [illud]
1415 2000 1454 2031 77

0 2043 34 2106 ΡΟ
54 2046 118 2084 est
150 2043 351 2098 capitale,
385 2044 493 2084 illud
524 2043 869 2098 formidolosum,
901 2046 1007 2086 illud
1039 2046 1203 2100 optimo
1237 2047 1385 2101 cuique

0 2111 1 2124 ¹
52 2102 342 2156 metuendum,
389 2103 501 2156 quod
543 2102 643 2155 iste,
689 2103 724 2144 si
764 2118 812 2144 ex
850 2104 930 2145 hoc
968 2104 1123 2146 iudicio
1164 2105 1307 2159 aliqua
1344 2106 1386 2147 vi

53 2174 142 2202 sese
169 2161 383 2215 eripuerit,
414 2161 459 2202 in
484 2161 693 2202 iudicibus
727 2162 783 2202 sit
814 2177 985 2204 necesse
1018 2166 1093 2216 est,
1127 2164 1385 2205 sententiam

54 2219 101 2260 de
140 2220 277 2274 capite
313 2220 415 2262 civis
448 2219 631 2261 Romani
662 2220 789 2274 ferat,
829 2221 884 2262 sit
915 2222 960 2262 in
992 2222 1080 2263 eius
1114 2223 1300 2263 exercitu
1333 2223 1385 2263 si-

53 2278 207 2333 gnifer,
252 2279 323 2332 qui
366 2279 593 2334 imperium
636 2279 888 2321 iudiciorum
930 2283 1075 2321 tenere
1119 2282 1222 2321 vult.
1291 2280 1384 2323 Hoc

19 2345 33 2371 5
51 2338 233 2392 populus
254 2337 473 2379 Romanus
494 2340 674 2391 recusat,
700 2337 781 2380 hoc
800 2338 910 2379 ferre
931 2354 1017 2380 non
1036 2342 1198 2394 potest3
1225 2340 1383 2381 clamat

52 2396 346 2450 permittitque
371 2397 506 2451 vobis,
540 2399 600 2450 ut,
632 2396 668 2437 si
698 2396 793 2438 istis
826 2397 1070 2439 hominibus
1105 2398 1383 2453 delectemini,

53 2453 89 2494 si
115 2468 162 2495 ex
189 2469 237 2496 eo
265 2469 417 2511 genere
450 2455 721 2511 splendorem
753 2456 890 2497 ordini
923 2459 1051 2511 atque
1085 2460 1382 2499 ornamentum

1032 2525 1101 2558 15ss
