1685 2574
259 81 316 122 52
481 80 574 115 PRO
603 80 702 116 SEX.
729 80 898 115 ROSCIO
925 79 1151 115 AMERINO
1179 81 1371 116 ORATIO.

258 176 341 217 nisi
361 177 499 218 multa
519 179 560 217 et
583 176 812 217 manifesta
838 178 950 229 sunt,
975 176 1167 230 profecto
1193 191 1259 217 res
1285 179 1377 218 tam
1405 178 1595 232 scelesta,
1648 173 1652 187 ³

189 238 348 276 satam
381 238 521 288 atrox,
552 238 643 275 tam
674 233 839 275 nefaria
870 234 983 275 credi
1012 248 1099 276 non
1129 237 1285 289 potest.
1340 234 1500 290 Magna
1532 239 1596 278 est
1622 262 1625 264 -

260 294 372 334 enim
409 294 472 334 vis
510 292 810 346 humanitatis3
849 293 1033 334 multum
1070 293 1187 334 valet
1225 294 1466 335 communio
1505 308 1596 335 san·
1648 315 1651 348 f
1684 325 1685 329 ,

260 352 419 407 guinis3
457 351 699 392 reclamitat
736 350 860 391 istius
900 351 1015 392 modi
1051 351 1365 405 suspicionibus
1397 353 1492 406 ipsa
1522 367 1596 394 na-

258 413 374 464 tura3
406 411 810 464 p01·tentum>atque
836 413 1076 451 monstrum
1102 410 1387 451 certissimum
1414 413 1480 451 est
1506 425 1596 452 esse
1613 425 1628 450 5
1674 429 1685 454 ¹1

259 469 446 522 aliquem
472 467 660 508 humana
685 467 824 522 specie
851 471 893 509 et
918 469 1069 523 figura,
1103 468 1175 522 qui
1204 471 1374 509 tantum
1404 469 1597 511 immani-

258 530 348 568 tate
388 526 548 567 bestias
585 526 753 579 vicerit,
790 529 856 580 ut,
893 529 1070 581 propter
1109 541 1214 580 quos
1253 527 1364 568 hanc
1399 528 1597 569 suavissi-

258 600 373 626 mam
406 585 544 625 lucem
577 584 808 638 aspexerit,
846 599 917 626 eos
949 585 1247 639 indignissime
1279 586 1372 627 luce
1404 585 1597 640 privarit,

258 658 354 685 cum
394 643 524 684 etiam
560 642 674 683 feras
711 643 825 684 inter
859 657 950 685 sese
982 647 1133 698 partus
1167 646 1295 698 atque
1329 643 1522 685 educatio
1556 648 1597 686 et

259 704 416 744 natura
446 701 542 756 ipsa
573 701 782 742 conciliet.
1615 718 1637 744 ι(

348 759 448 801 Νο11
472 759 535 801 ita
567 760 715 800 multis
749 762 847 801 ante
880 761 1002 801 annis
1034 761 1153 801 aiunt
1179 760 1225 802 T.
1247 759 1439 802 Caelium
1472 775 1596 815 quen-

261 819 376 872 dam,
420 818 786 868 Tarracinensem,
829 818 1045 860 hominem
1089 833 1176 860 non
1213 819 1459 873 obscurum,
1503 834 1597 862 cum

259 881 434 920 cenatus
461 877 652 918 cubitum
684 877 728 917 in
758 877 870 918 idem
902 878 1101 918 conclave
1134 892 1229 918 cum
1262 878 1425 919 duobus
1458 878 1597 920 adule-

261 936 478 978 scentibus
515 935 616 976 filiis
649 936 770 989 isset,
807 936 1030 977 inventum
1063 950 1155 977 esse
1186 950 1310 977 mane
1342 936 1596 991 iugulatum.
1642 954 1645 986 ι

261 995 367 1037 Cum
405 1009 542 1048 neque
580 1008 726 1035 servus
760 995 985 1048 quisquam
1018 994 1277 1048 reperiretur
1308 1009 1444 1049 neque
1477 995 1595 1050 liber,
1613 1009 1638 1036 15
1664 1012 1685 1042 >Ji

261 1054 313 1096 ad
343 1068 469 1108 quem
501 1067 550 1094 ea
582 1053 767 1107 suspicio
801 1053 1045 1107 pertineret,
1077 1053 1120 1093 id
1152 1053 1306 1094 aetatis
1340 1056 1484 1095 autem
1516 1054 1596 1111 duo

258 1113 337 1153 filii
372 1114 548 1166 propter
580 1112 784 1153 cubantes
817 1126 869 1152 ne
903 1112 1086 1152 sensisse
1120 1112 1289 1165 quidem
1323 1126 1367 1153 se
1399 1112 1598 1167 dicerent,

259 1171 434 1212 nomina
469 1170 656 1219 filiorum
696 1170 745 1211 de
783 1170 1010 1223 parricidio
1044 1170 1187 1211 delata
1220 1173 1330 1212 sunt.
1366 1170 1475 1219 Quid
1506 1174 1597 1222 pot-

257 1232 349 1270 erat
390 1231 480 1270 tam
498 1243 590 1270 esse
608 1228 919 1282 suspiciosum?
939 1231 1194 1270 neutrumne
1214 1229 1426 1270 sensisse?
1448 1244 1596 1271 ausum

261 1291 403 1329 autem
443 1302 534 1328 esse
573 1302 831 1341 quemquam
870 1301 913 1328 se
948 1287 993 1328 in
1023 1287 1066 1328 id
1099 1288 1298 1329 conclave
1331 1288 1664 1329 committerem

189 740 244 780 23

190 792 234 823 64

261 1406 469 1446 lescentes
489 1404 580 1454 filii,
607 1404 679 1458 qui
700 1407 742 1445 et
763 1404 920 1444 sentire
941 1407 983 1444 et
1004 1404 1226 1445 defendere
1245 1404 1371 1446 facile
1393 1406 1596 1459 possent?

260 1464 368 1504 Erat
412 1477 540 1518 porro
584 1477 728 1513 nemo,
771 1462 816 1503 in
860 1477 985 1516 quem
1030 1477 1080 1504 ea
1121 1463 1305 1517 suspicio
1344 1464 1598 1506 conveniret.

191 1531 234 1562 ὃὸ
262 1522 440 1575 Tamen,
485 1535 580 1563 cum
624 1522 799 1575 planum
843 1521 1053 1563 iudicibus
1098 1524 1210 1562 esset
1247 1522 1411 1563 factum
1449 1525 1596 1578 aperto

261 1581 396 1626 ostio*
419 1580 678 1626 dormientes
720 1594 792 1621 eos
830 1583 1023 1634 repertos
1062 1594 1173 1634 esse,
1216 1581 1370 1622 iudicio
1410 1581 1597 1623 absoluti
1611 1593 1639 1620 25
1672 1590 1677 1617 1

261 1640 554 1681 adulescentes
589 1641 631 1679 et
664 1638 911 1694 suspicione*
937 1638 1052 1680 omni
1084 1639 1257 1680 liberati
1295 1642 1405 1680 sunt.
1461 1639 1595 1682 Nemo

261 1698 373 1739 enim
400 1698 583 1751 putabat
612 1711 870 1751 quemquam
903 1706 1005 1750 esse,
1038 1697 1122 1751 qui,
1155 1712 1249 1753 cum
1282 1698 1425 1739 omnia
1457 1698 1597 1740 divina

261 1759 390 1810 atque
416 1756 604 1796 humana
629 1755 723 1796 iura
750 1756 906 1796 scelere
932 1755 1097 1796 nefario
1130 1756 1370 1810 polluisset,
1403 1771 1596 1799 somnum

262 1815 407 1856 statim
450 1828 599 1868 capere
631 1814 861 1868 potuisset,
898 1816 1126 1868 propterea
1159 1815 1287 1868 quod,
1326 1815 1398 1869 qui
1429 1818 1596 1857 tantum

260 1873 425 1914 facinus
464 1873 788 1926 commiserunt,
826 1887 912 1913 non
950 1872 1075 1914 modo
1115 1873 1205 1914 sine
1240 1888 1341 1915 cura
1373 1874 1636 1929 quiescere,su
1664 1899 1685 1924 ,ἒς

264 1932 336 1973 sed
368 1946 420 1972 ne
454 1931 617 1985 spirare
650 1931 820 1984 quidem
853 1931 943 1972 sine
977 1934 1092 1972 metu
1124 1935 1317 1985 possunt.
1363 1953 1365 1955 ·

350 1989 589 2042 Videtisne,
641 2004 746 2043 quos
790 1990 914 2030 nobis
957 1992 1109 2044 po’e'tae
1153 1990 1421 2032 tradiderunt
1464 1992 1596 2047 patris

261 2048 493 2090 ulciscendi
525 2062 652 2090 causa
685 2049 941 2102 supplicium
974 2048 1024 2089 de
1056 2051 1194 2090 matre
1227 2050 1472 2104 sumpsisse,
1506 2065 1596 2091 cum
1676 2086 1685 2101 ,Δ

261 2107 516 2162 praesertim
548 2107 721 2148 deorum
754 2107 1063 2148 immortalium
1096 2107 1222 2148 iussis
1256 2111 1384 2162 atque
1417 2109 1596 2150 oraculis
1640 2097 1643 2159 Ξ
1677 2134 1685 2160 {2

262 2166 304 2207 id
341 2166 492 2207 fecisse
530 2165 742 2219 dicantur,
781 2168 929 2206 tamen
965 2168 1013 2206 ut
1045 2180 1116 2207 eos
1150 2166 1317 2221 agitent
1347 2166 1500 2209 Furiae
1531 2182 1596 2208 ne·
1613 2162 1642 2203 ³³⁵¹
1665 2186 1682 2217 :5

263 2240 343 2278 que
370 2225 602 2266 consistere
629 2239 831 2278 umquam
859 2224 1091 2278 patiantur,
1124 2225 1235 2284 quod
1260 2239 1313 2266 ne
1338 2226 1400 2280 pii
1432 2226 1596 2280 quidem
1678 2227 1683 2264 '.

263 2283 353 2323 sine
380 2284 535 2324 scelere
563 2297 653 2324 esse
680 2283 940 2337 potueriuit‘?
986 2281 1053 2324 Sic
1081 2297 1125 2323 se
1151 2297 1217 2323 res
1250 2283 1393 2335 habet,
1425 2284 1596 2325 iudices:
1640 2290 1642 2339 ζ
1679 2294 1683 2333 1

192 1971 247 2011 24

192 2023 234 2053 (16
