1618 2584
0 908 28 932 10

0 1200 27 1226 15

0 1494 28 1518 20

0 2080 28 2105 50

0 2373 27 2398 35

381 267 470 302 ΜΒ.
496 268 512 302 1
557 268 657 303 CAP.
686 273 820 303 25—27
850 272 1038 310 soraee.
1310 269 1393 309 165

49 379 140 405 esse
171 363 452 416 Graecorum,
484 366 533 405 111
564 365 607 405 in
642 365 836 406 convivio
869 364 1060 406 virorum
1093 364 1393 405 accumberent

49 423 259 464 mulieres.
317 422 399 464 Hic
431 426 521 464 tum
557 423 666 464 alius
700 438 749 464 ex
783 424 867 464 alia
899 426 1038 477 parte:
1073 422 1239 463 ‘Enim
1273 437 1391 463 vero

46 481 310 523 ferendum
336 481 431 523 hoc
458 482 661 535 quidem
687 497 786 523 non
812 484 903 536 est,
936 484 1147 523 vocetur
1176 480 1391 522 mulierl'

47 539 105 580 Et
131 540 259 580 simul
288 540 423 581 servis
451 540 538 581 suis
566 540 766 594 Rubrius,
798 544 847 582 ut
872 540 1044 581 ianuam
1078 540 1324 581 clauderent
1351 543 1394 580 et

48 598 131 653 ipsi
169 598 222 639 ad
252 599 367 639 fores
401 600 670 651 assisterent,
712 600 910 652 imperat.
970 598 1090 647 Quod
1122 599 1197 640 ubi
1228 598 1302 639 ille
1333 599 1394 639 111-

46 657 232 709 tellexit,
275 657 319 698 id
363 658 435 712 agi
480 660 607 712 atque
652 658 695 698 id
738 658 900 712 parari,
945 660 993 699 ut
1036 658 1151 699 filiae
1190 671 1291 698 suae
1328 658 1394 698 vis

48 716 289 769 afferretur,
329 730 474 757 servos
515 731 613 758 suos
655 716 707 757 ad
747 731 789 757 se
829 719 974 770 vocat3
1012 717 1079 758 his
1111 717 1313 771 imperat,
1346 719 1395 756 ut

48 789 91 816 se
129 775 271 829 ipsum
316 775 569 830 neglegant,
613 775 747 815 filiam
790 775 1038 829 defendant,
1084 778 1282 816 excurrat
1320 775 1395 816 ali-

48 834 159 888 quis,
206 834 277 888 qui
321 833 402 875 hoc
446 836 617 874 tantum
663 834 887 875 domestici
931 834 1035 875 mali
1078 834 1168 875 filio
1212 834 1394 875 nuntiet.

49 893 223 934 'Clamor
245 892 411 942 interea
430 893 479 933 fit
499 895 593 933 tota
619 892 763 946 dom03
790 893 903 933 inter
929 907 1076 933 servos
1102 892 1239 933 Rubri
1266 895 1395 946 atque

47 951 232 1006 hospitis
278 951 464 992 iactatur
509 952 624 992 domi
667 966 767 992 suae
805 952 871 992 vir
909 952 1140 1005 primarius
1182 954 1224 992 et
1265 951 1394 993 homo

46 1010 399 1063 honestissimus,
450 1025 527 1064 pro
579 1025 623 1051 se
669 1011 847 1064 quisque
892 1025 1043 1051 manus
1089 1010 1230 1063 affert,
1285 1025 1396 1064 aqua

47 1069 227 1123 denique
271 1068 455 1109 ferventi
488 1084 512 1110 a
543 1068 706 1110 Rubrio
739 1069 833 1123 ipso
866 1068 1146 1110 Philodamus
1179 1069 1396 1123 perfundi-

46 1132 128 1169 tur.
192 1128 307 1169 Haec
338 1128 412 1168 ubi
443 1127 533 1168 filio
565 1128 765 1169 nuntiata
798 1130 910 1180 sunt,
943 1128 1094 1168 statim
1127 1128 1395 1169 exanimatus

48 1187 100 1228 ad
139 1186 254 1228 aedis
294 1187 532 1240 contendit,
575 1189 623 1227 ut
662 1189 704 1227 et
741 1187 855 1228 vitae
898 1187 1034 1241 patris
1080 1189 1122 1228 et
1165 1187 1396 1241 pudicitiae

49 1245 208 1287 sororis
241 1248 524 1298 succurreret3
566 1260 712 1287 omnes
745 1246 894 1286 eodem
926 1246 1068 1286 animo
1101 1244 1396 1300 Lampsaceni,

49 1304 176 1345 simul
220 1307 269 1345 ut
312 1304 392 1345 hoc
438 1304 680 1357 audierunt,
732 1304 845 1358 quod
890 1319 961 1345 eos
1010 1319 1106 1346 cum
1149 1304 1397 1345 Philodami

48 1363 253 1417 dignitas,
292 1365 385 1403 tum
416 1362 598 1404 iniuriae
631 1363 884 1418 magnitudo
917 1363 1136 1416 movebat,
1180 1363 1232 1403 ad
1271 1363 1394 1404 aedes

46 1425 176 1463 noctu
221 1425 522 1463 convenerunt.
588 1421 670 1463 Hic
713 1422 838 1463 lictor
875 1422 1001 1462 istius
1041 1420 1284 1475 Cornelius,
1324 1422 1396 1475 qui

48 1495 143 1522 cum
177 1480 265 1521 eius
300 1481 433 1521 servis
466 1483 559 1522 erat
592 1496 616 1521 a
646 1481 810 1522 Rubrio
844 1480 967 1535 quasi
1007 1480 1052 1521 in
1089 1481 1302 1535 praesidio
1344 1481 1397 1521 ad

49 1539 323 1581 auferendam
356 1539 579 1580 mulierem
613 1540 867 1593 collocatus,
908 1540 1133 1593 occiditur,
1166 1539 1279 1580 servi
1310 1554 1397 1580 non

47 1598 155 1639 nulli
197 1598 496 1651 vulnerantur,
540 1598 632 1652 ipse
673 1598 860 1639 Rubrius
905 1598 950 1638 in
993 1598 1123 1639 turba
1168 1598 1396 1639 sauciatur.

47 1658 153 1710 1310,
199 1656 271 1710 qui
310 1671 386 1697 sua
432 1656 664 1710 cupiditate
709 1659 854 1698 tantos
900 1657 1112 1697 tumultus
1157 1657 1395 1698 concitatos

47 1716 227 1769 videret,
269 1730 421 1769 cupere
460 1716 605 1769 aliqua
643 1716 832 1769 evolare,
876 1715 911 1756 si
956 1718 1114 1769 posset.
1182 1715 1396 1756 Postridie

13 1787 26 1811 5
48 1774 243 1816 homines
264 1789 388 1815 mane
408 1774 453 1815 in
473 1775 716 1816 contionem
740 1774 1016 1828 conveniunt3
1045 1777 1267 1828 quaerunt,
1296 1774 1397 1828 quid

48 1833 259 1888 optimum
291 1833 409 1874 factu
441 1833 516 1886 sit3
549 1847 626 1887 pro
661 1847 704 1874 30
738 1834 929 1887 quisque,
961 1835 1010 1874 ut
1035 1833 1078 1873 in
1108 1847 1275 1887 quoque
1304 1835 1397 1874 erat

47 1891 319 1933 auctoritatis
350 1892 596 1946 plurimum,
630 1892 683 1932 ad
709 1893 916 1946 populum
943 1892 1218 1945 loquebatur,
1251 1892 1396 1933 inven-

47 1954 115 1992 tus
149 1953 214 1991 est
245 1965 389 2004 nemo,
427 1951 546 1992 cuius
578 1965 666 1992 non
702 1951 807 1992 haec
850 1954 894 1991 et
938 1951 1152 1991 sententia
1196 1953 1309 1991 esset
1354 1954 1396 1991 et

48 2010 204 2063 oratio,
242 2024 328 2051 non
368 2024 459 2050 esse
498 2009 791 2063 metuendum,
835 2009 870 2050 si
907 2009 1033 2050 istius
1065 2009 1278 2050 nefarium
1311 2024 1394 2050 sce—

48 2069 113 2109 lus
152 2068 434 2123 Lampsaceni
471 2068 552 2109 ulti
590 2069 633 2109 vi
670 2083 883 2122 manuque
923 2071 1083 2121 essent,
1127 2083 1179 2108 110
1222 2070 1395 2109 senatus

47 2127 315 2182 populusque
347 2127 567 2169 Romanus
599 2127 644 2168 in
676 2142 769 2168 eam
802 2127 1022 2169 civitatem
1056 2127 1396 2168 animadverten-

49 2186 147 2227 dum
179 2188 365 2241 putaret.
428 2186 590 2234 Quodsi
620 2186 702 2227 hoc
732 2186 823 2227 iure
856 2186 991 2240 legati
1030 2186 1179 2240 populi
1211 2185 1396 2226 Romani

47 2245 91 2285 in
124 2245 262 2286 socios
294 2245 577 2299 nationesque
605 2247 772 2286 exteras
799 2247 1035 2297 uterentur,
1067 2248 1115 2284 ut
1144 2244 1395 2298 pudicitiam

48 2303 280 2345 liberorum
303 2319 472 2345 servare
500 2305 553 2344 ab
582 2318 728 2344 eorum
754 2303 931 2344 libidine
957 2306 1098 2344 tutam
1124 2317 1210 2344 non
1236 2304 1396 2356 liceret,

49 2362 216 2415 quidvis
256 2377 347 2403 esse
385 2362 553 2417 perpeti
593 2362 729 2403 satius
769 2376 896 2416 quam
934 2361 979 2402 in
1017 2363 1142 2402 tanta
1179 2362 1222 2402 vi
1266 2365 1395 2415 atque

49 2421 283 2462 acerbitate
310 2422 484 2463 versari.
534 2420 652 2462 Haec
679 2435 775 2462 cum
802 2435 949 2462 omnes
977 2420 1198 2473 sentirent,
1232 2423 1273 2461 et
1299 2435 1394 2462 cum

48 2479 92 2520 in
125 2493 218 2520 eam
249 2480 459 2522 rationem
491 2495 568 2535 pro
603 2494 678 2521 suo
712 2479 890 2534 quisque
925 2494 1049 2520 sensu
1084 2494 1131 2520 ac
1164 2479 1309 2520 dolore
1337 2480 1396 2520 lo-

1420 601 1463 632 67

1411 1689 1465 1729 27

1423 1741 1466 1771 63

1423 2434 1465 2464 69
