1618 2584
75 620 117 701 ἷξε»

146 247 229 287 278
549 248 599 281 ΙΝ
628 247 663 281 C.
684 246 886 281 VERREM
912 247 1012 281 ACT.
1040 247 1083 281 ΙΙ.

147 346 238 384 stus
262 345 546 395 converter3et
574 343 646 396 qui
672 342 859 396 primum
886 344 1024 383 certos
1051 342 1288 384 instituerit
1315 344 1485 384 nomine

146 402 414 455 decumanos,
441 416 486 442 re
512 415 613 442 vera
640 401 861 441 ministros
889 415 936 442 ac
964 401 1174 442 satellites
1201 402 1486 456 cupiditatum

147 476 245 502 suar
249 476 337 514 um,
370 474 446 515 per
473 473 579 513 quos
611 460 834 500 ostendam
863 459 922 501 sic
953 460 1218 514 provinciam
1251 475 1326 514 per
1358 461 1485 501 trien-

144 520 261 560 nium
289 521 489 559 vexatam
517 520 646 572 atque
672 520 900 571 vastatam,
931 518 1102 571 iudiceS,
1134 522 1183 560 ut
1209 533 1302 560 eam
1335 519 1485 560 multis

146 578 267 619 annis
307 577 544 618 multorum
582 577 826 618 innocentia
866 577 1161 631 sapientiaque
1194 591 1385 618 recreare
1418 591 1521 618 ne-5

147 650 362 690 queamus.
419 635 582 676 Eorum
616 636 817 689 omnium,
851 636 922 689 qui
956 635 1178 677 decumani
1209 636 1485 688 vocabantur,

144 695 344 749 princeps
371 697 463 735 erat
491 693 537 741 Q.
564 694 637 735 ille
658 694 888 749 AproniUS,
922 709 1046 748 quem
1080 694 1252 748 videtis3
1285 695 1334 735 de
1367 695 1485 736 cuius

144 753 409 807 inprobitate
442 753 652 807 singulari
685 753 1052 808 gravissumarum
1086 753 1352 808 legationum
1386 768 1485 807 que-

144 812 351 853 rimonias
379 812 616 853 audivistis.
666 812 872 866 Aspicite,
898 812 1069 866 iudices,
1102 812 1270 852 vultum
1297 812 1485 853 hominis

144 874 187 911 et
226 873 447 925 aspectum
485 873 528 911 et
566 885 615 911 ex
651 885 702 911 ea
733 871 1018 924 contumacia,
1058 885 1186 924 quam
1218 871 1288 912 hic
1319 871 1363 911 in
1394 885 1486 925 per·
1508 886 1539 909 10
1594 911 1595 927 2

145 929 245 969 ditis
279 930 406 970 rebus
440 929 614 983 retinet,
646 929 746 970 illos
780 930 868 970 eius
902 930 1079 983 spiritus
1110 928 1345 970 Siciliensis
1379 943 1484 983 quos

143 988 275 1029 fuisse
322 988 502 1043 putetiS,
554 988 759 1053 [cogitate
805 990 868 1053 ac]
921 988 1214 1029 recordamini.
1289 987 1371 1029 Hic
1421 991 1486 1028 est

145 1047 375 1100 Apnonius,
403 1061 528 1101 quem
555 1047 599 1087 in
624 1047 844 1101 provincia
870 1050 963 1087 tota
981 1046 1151 1101 Verres
1177 1062 1273 1088 cum
1299 1046 1484 1100 undique

144 1106 442 1159 nequissumos
469 1106 664 1146 homines
693 1105 988 1159 conquisisset,
1021 1108 1064 1146 et
1090 1120 1185 1147 cum
1217 1105 1309 1160 ipse
1343 1120 1485 1147 secum

144 1164 209 1204 sui
243 1165 404 1205 similes
439 1164 630 1205 duxisset
660 1179 747 1205 non
779 1179 930 1217 parum
964 1139 1141 1217 multos,
1179 1164 1389 1218 nequitia,
1424 1164 1485 1205 lu·
1506 1177 1539 1203 15

144 1223 282 1277 xuria,
323 1224 499 1265 audacia
539 1223 603 1264 sui
640 1223 908 1264 simillimum
941 1223 1163 1278 iudicavit3
1201 1223 1345 1277 itaque
1377 1223 1484 1264 istos

142 1282 255 1322 inter
300 1297 343 1322 56
382 1282 581 1336 perbrevi
618 1284 812 1336 tempore
850 1296 937 1323 non
974 1296 1059 1335 res,
1103 1297 1189 1323 non
1226 1282 1356 1335 ratio,
1400 1296 1486 1322 non

144 1341 458 1382 commendatio
499 1341 661 1394 aliqua,
702 1341 774 1381 sed
810 1340 1049 1381 studiorum
1081 1341 1304 1394 turpitudo
1338 1340 1485 1381 simili-

98 1411 109 1438 .’
144 1400 332 1453 tudoque
360 1400 589 1441 coniunxit.
640 1399 788 1440 Verris
817 1414 955 1440 mores
985 1399 1190 1453 inprobos
1224 1400 1484 1453 inpurosque

143 1458 298 1511 nostis,
331 1458 482 1513 fingite
509 1458 632 1499 vobis
660 1458 859 1511 aliquem,
893 1458 928 1498 si
954 1458 1147 1512 potestis,
1181 1458 1252 1511 qui
1279 1458 1323 1498 in
1350 1458 1483 1498 omni-
1505 1471 1539 1496 20

143 1518 222 1557 bus
267 1517 341 1557 isti
385 1517 512 1557 rebus
556 1532 635 1571 par
676 1517 729 1557 ad
767 1517 957 1557 omnium
995 1517 1259 1571 flagitiorum
1298 1516 1484 1557 nefarias
1586 1513 1587 1518 ¹

144 1575 342 1616 libidines
389 1590 480 1616 esse
521 1575 677 1629 possit3
721 1575 759 1615 is
797 1575 879 1615 erit
912 1576 1128 1629 Apronius
1167 1575 1259 1629 ille,
1304 1576 1394 1629 qui,
1438 1578 1485 1616 ut

142 1635 234 1688 ipse
278 1650 365 1675 non
409 1635 549 1675 solum
593 1634 701 1687 vita,
746 1634 819 1674 sed
857 1648 1034 1687 corpore
1073 1638 1201 1688 atque
1241 1648 1312 1675 ore
1352 1634 1485 1689 signi-

142 1693 260 1746 ficat,
298 1693 508 1734 immensa
540 1693 685 1747 aliqua
715 1707 877 1748 vorago
911 1696 977 1734 est
1010 1695 1053 1733 et
1090 1707 1247 1748 gurges
1279 1693 1483 1734 vitiorum

142 1752 543 1806 turpitudinumque
583 1752 784 1793 omnium.
849 1751 970 1792 Hunc
1001 1751 1046 1792 in
1078 1753 1275 1793 omnibus
1310 1752 1483 1806 stupris,
1504 1764 1536 1788 25

142 1810 254 1851 hunc
286 1810 331 1851 in
362 1810 559 1851 fanorum
594 1810 938 1864 expilationibus,
970 1810 1086 1851 hunc
1117 1810 1161 1851 in
1192 1810 1355 1864 inpuris
1390 1825 1484 1851 con-

143 1869 266 1909 viviis
306 1869 541 1923 principem
579 1869 828 1922 adliibebat3
868 1871 1119 1923 tantamque
1152 1869 1284 1910 habet
1316 1883 1483 1910 morum

144 1927 381 1968 similitudo
415 1928 757 1969 coniunctionem
791 1930 919 1981 atque
952 1928 1234 1981 concordiam,
1267 1930 1314 1968 ut
1347 1927 1483 1982 Apro-

142 1986 255 2038 nius,
295 1987 366 2040 qui
400 1986 495 2027 aliis
528 1986 787 2027 inhumanus
821 2001 869 2027 ac
901 1987 1130 2040 barbarus,
1162 1986 1237 2027 isti
1268 1986 1341 2027 uni
1373 2001 1482 2027 com—

142 2045 294 2085 modus
321 2060 368 2086 ac
396 2046 580 2086 disertus
610 2046 833 2098 videretur,
866 2047 926 2099 ut,
959 2060 1085 2099 quem
1112 2059 1259 2086 omnes
1293 2046 1482 2086 odissent
1503 2058 1534 2082 30

142 2119 278 2157 neque
305 2104 447 2145 videre
476 2105 649 2157 vellent,
683 2105 772 2145 sine
800 2119 847 2145 eo
875 2105 956 2144 iste
989 2119 1081 2145 6556
1113 2119 1198 2145 non
1232 2107 1390 2159 posset,
1424 2107 1482 2157 ut,
1596 2121 1603 2147 1

142 2178 237 2203 cum
271 2163 346 2204 alii
378 2178 429 2203 ne
462 2163 668 2204 conviviis
703 2163 873 2216 quidem
905 2163 1040 2203 isdem
1073 2163 1227 2217 quibus
1252 2163 1482 2217 Apronius,

142 2221 211 2262 liic
249 2221 384 2262 isdem
424 2222 553 2262 etiam
592 2222 756 2276 poculis
796 2224 1004 2274 uteretur,
1043 2224 1261 2276 postremo
1298 2224 1345 2262 ut
1379 2222 1482 2262 odor

142 2280 309 2334 Aproni
342 2281 614 2321 taeterrimus
649 2281 735 2321 oris
769 2284 812 2321 et
843 2281 1052 2335 corporis,
1092 2295 1235 2334 quem,
1270 2283 1318 2321 ut
1351 2280 1480 2333 aiunt,

141 2353 193 2379 ne
232 2340 396 2380 bestiae
436 2340 605 2392 quidem
644 2339 754 2380 ferre
792 2342 987 2393 possent,
1031 2339 1104 2380 uni
1142 2339 1215 2379 isti
1255 2340 1397 2380 suavis
1440 2342 1481 2379 et
1500 2350 1531 2375 35

141 2397 348 2438 iucundus
386 2398 613 2439 videretur.
676 2398 754 2438 Ille
794 2401 886 2439 erat
923 2398 968 2438 in
1006 2398 1214 2438 tribunali
1249 2398 1480 2452 proximus,

141 2455 182 2494 in
207 2456 399 2497 cubiculo
423 2457 552 2510 solus,
578 2457 623 2497 in
643 2456 838 2498 convivio
860 2456 1069 2510 dominus,
1097 2471 1144 2497 ac
1166 2459 1258 2497 tum
1287 2457 1480 2509 maxime,
