1618 2584
373 233 459 267 LIB.
490 234 503 266 l
560 232 660 267 CAP.
689 237 824 267 39—41
853 238 871 274 ξ
903 237 1094 267 101—106.
1324 233 1404 273 179

66 333 113 372 ut
145 332 317 384 praetor
345 328 486 369 factus
520 333 596 381 est,
629 329 700 382 qui
735 328 954 383 auspicato
989 343 1013 369 a
1046 326 1279 369 Chelidone
1314 343 1404 369 sur-

66 390 263 440 rexisset,
296 390 455 428 sortem
486 392 636 428 nactus
669 391 734 428 est
766 388 954 428 urbanae
986 387 1231 441 provinciae
1265 388 1405 441 magis

67 462 115 488 ex
149 461 225 487 sua
255 445 586 499 Chelidonisque
621 461 747 499 quam
782 461 830 487 ex
862 445 1012 500 populi
1043 445 1227 486 Romani
1258 446 1405 486 volun-

65 508 167 546 tate.
212 504 291 553 Qui
313 505 522 559 principio
544 506 682 558 qualis
705 505 747 545 in
774 505 911 546 edicto
938 504 1237 546 constituendo
1263 504 1405 557 fuerit,

31 575 45 600 5
67 564 324 619 cognoscite.

153 621 198 663 P.
226 622 393 663 Annius
427 622 600 663 Asellus
635 625 829 663 mortuus
863 624 927 662 est
955 621 997 664 C.
1026 620 1253 663 Sacerdote
1287 627 1470 675 prae-41

65 684 169 723 tore.
220 681 262 722 Is
284 696 378 722 cum
398 681 578 721 haberet
598 681 766 721 unicam
787 681 920 721 filiam
941 695 1077 734 neque
1105 694 1254 722 census
1282 682 1406 733 esset,

67 740 179 794 quod
216 742 372 780 natura
410 740 683 791 hortabatur,
722 740 788 779 lex
826 740 946 779 nulla
979 739 1255 793 prohibebat,
1294 739 1406 790 fecit,

65 802 113 839 ut
150 799 285 839 filiam
320 798 444 839 bonis
478 798 565 838 suis
599 797 797 838 heredem
829 798 1088 838 institueret.
1144 797 1280 838 Heres
1315 802 1406 838 erat

14 869 46 893 10
65 857 167 898 filia.
236 856 468 898 Faciebant
507 857 650 897 omnia
688 871 782 897 cum
822 856 1005 910 pupilla,
1050 856 1160 911 legis
1200 856 1407 910 aequitas,

65 916 265 957 voluntas
311 915 465 970 patris,
511 915 647 956 edicta
691 918 956 968 praetorum,
1001 915 1263 956 consuetudo
1301 915 1406 956 iuris

67 977 167 1028 eius,
204 974 316 1028 quod
350 977 442 1015 erat
474 976 577 1027 tum,
610 988 704 1014 cum
728 973 900 1014 Asellus
934 976 998 1013 est
1031 976 1237 1014 mortuus.
1293 973 1381 1014 Iste
1411 982 1474 1012 105

66 1036 239 1088 praetor
284 1033 532 1087 designatus
577 1031 739 1086 (utrum
784 1032 1027 1073 admonitus
1073 1047 1127 1073 an
1168 1034 1406 1086 temptatus

67 1107 137 1145 an,
177 1106 260 1145 qua
298 1095 363 1132 est
400 1092 490 1145 ipse
530 1092 767 1146 sagacitate
804 1092 849 1131 in
887 1091 953 1131 his
992 1091 1137 1144 rebus,
1177 1091 1267 1131 sine
1303 1091 1405 1132 duce

14 1162 45 1187 15
66 1151 173 1203 ullo,
219 1151 308 1191 sine
352 1150 488 1191 indice
532 1150 774 1203 pervenerit
819 1150 871 1190 ad
914 1149 1025 1190 hanc
1068 1150 1406 1203 improbitatem,

65 1210 226 1262 nesci03
270 1223 346 1250 vos
391 1212 560 1250 tantum
602 1208 789 1249 hominis
829 1208 1051 1249 audaciam
1089 1208 1406 1262 amentiamque

66 1266 332 1323 cognoscite)
367 1268 559 1322 appellat
591 1268 790 1308 heredem
817 1267 861 1308 L.
883 1267 1084 1319 Annium,
1118 1267 1190 1320 qui
1223 1269 1314 1307 erat
1347 1268 1406 1307 in-

66 1328 244 1368 stitutus
277 1327 506 1368 secundum
539 1326 672 1367 filiam
707 1326 810 1379 (non
844 1326 955 1366 enim
988 1326 1095 1366 mihi
1125 1326 1408 1379 persuadetur

64 1387 197 1427 istum
225 1386 277 1427 ab
304 1386 381 1426 illo
408 1386 525 1439 prius
557 1384 860 1439 appellatuml3
894 1384 995 1425 dicit
1022 1399 1065 1425 se
1092 1398 1218 1438 posse
1246 1384 1283 1425 ei
1313 1399 1408 1425 con-

12 1457 45 1482 20
67 1446 223 1486 donare
245 1444 382 1485 edicto
406 1444 703 1496 hereditatem,
730 1444 851 1484 docet
876 1443 1106 1496 hominem,
1135 1443 1235 1496 quid
1260 1446 1408 1497 posset

66 1504 169 1544 fieri.
230 1503 302 1543 Illi
341 1503 454 1544 bona
491 1517 575 1555 res,
608 1503 706 1543 huic
743 1502 970 1543 vendibilis
1009 1502 1245 1543 videbatur.
1307 1501 1408 1555 Iste,

67 1562 241 1603 tametsi
262 1561 472 1616 singulari
488 1564 552 1602 est
574 1561 760 1613 audacia,
780 1563 924 1601 tamen
940 1560 992 1601 ad
1013 1560 1203 1614 pupillae
1224 1563 1408 1601 matrem

69 1620 386 1672 summittebat3
436 1620 627 1661 malebat
677 1619 899 1674 pecuniam
952 1619 1160 1673 accipere,
1209 1633 1261 1659 ne
1306 1619 1407 1673 quid

67 1680 167 1721 novi
206 1679 405 1731 ediceret,
444 1693 571 1732 quam
609 1681 656 1718 ut
694 1678 774 1719 hoc
812 1678 996 1718 edictum
1035 1680 1126 1718 tam
1162 1678 1406 1731 improbum

14 1751 45 1776 25
68 1742 110 1779 et
147 1742 237 1779 tam
268 1738 549 1778 inhumanum
582 1737 884 1790 interponeret.
946 1736 1128 1777 Tutores
1161 1736 1382 1790 pecuniam
1413 1750 1478 1781 106

67 1797 256 1851 praetori
290 1797 324 1837 si
356 1796 547 1850 pupillae
579 1796 752 1836 nomine
784 1795 1017 1847 dedissent,
1051 1795 1257 1849 grandem
1290 1810 1409 1849 prae—

68 1856 228 1907 sertim,
255 1869 380 1909 quem
408 1855 460 1896 ad
488 1855 659 1895 modum
686 1854 731 1894 in
756 1854 969 1894 rationem
995 1854 1255 1906 inducerent,
1283 1868 1408 1907 quem

69 1915 120 1955 ad
153 1914 326 1955 modum
360 1914 449 1954 sine
482 1913 671 1968 periculo
706 1927 781 1954 suo
815 1913 915 1953 dare
947 1914 1142 1967 possent,
1179 1927 1265 1954 non
1297 1912 1409 1953 vide-

67 1974 191 2026 bant3
224 1973 351 2014 simul
380 1976 422 2013 et
446 1973 577 2013 istum
606 1972 698 2012 fore
730 1974 821 2012 tam
852 1971 1082 2025 inprobum
1114 1985 1200 2012 non
1227 1971 1410 2012 arbitra-

15 2033 242 2086 30bantur3
282 2046 407 2085 saepe
441 2031 648 2085 appellati
681 2033 1035 2085 pernegaverunt.
1090 2030 1179 2070 Iste
1213 2029 1264 2070 ad
1298 2030 1408 2070 arbi-

67 2092 197 2132 trium
242 2092 350 2143 eius,
395 2090 461 2131 cui
506 2089 775 2131 condonabat
820 2089 1104 2129 hereditatem
1148 2091 1340 2141 ereptam
1385 2103 1410 2128 a

67 2150 232 2202 liberis,
272 2164 399 2203 quam
440 2163 622 2202 aequum
662 2147 843 2188 edictum
879 2146 1199 2200 conscripserit,
1239 2160 1409 2200 quaeso,

67 2209 323 2263 cognoscite.
387 2206 486 2249 CUM
524 2217 823 2247 INTELLEGAM
860 2217 1018 2247 LEGEM
1050 2205 1303 2247 VOCONIAM
1344 2229 1408 2245 —-.

69 2266 170 2315 Quis
196 2281 399 2321 umquam
433 2265 623 2307 crederet
656 2265 882 2305 mulierum
916 2264 1207 2305 adversarium
1229 2264 1409 2304 Verrem

16 2337 48 2362 ³5
68 2325 289 2367 futurum?
335 2340 389 2366 an
433 2325 527 2365 ideo
573 2324 734 2376 aliquid
774 2326 923 2364 contra
961 2322 1161 2363 mulieres
1200 2322 1319 2376 fecit,
1356 2336 1409 2362 ne

70 2387 209 2425 totum
248 2384 432 2426 edictum
472 2383 524 2424 ad
558 2381 805 2423 Chelidonis
845 2381 1072 2422 arbitrium
1111 2381 1319 2435 scriptum
1351 2380 1410 2421 vi-

71 2443 267 2483 deretur?
313 2442 549 2496 Cupiditati
576 2441 796 2482 hominum
825 2441 886 2480 ait
913 2454 956 2481 se
984 2440 1156 2481 obviam
1182 2440 1255 2481 ire.
1307 2438 1409 2488 Quis

1059 2507 1127 2541 12*
