1618 2584
375 200 462 235 LIB.
484 200 534 235 111
581 200 682 235 CAP.
705 205 841 236 69—71
871 205 890 244 ξ
918 205 1112 237 162-167.
1332 203 1417 244 337

76 296 204 338 iudici
241 296 390 351 possit.
453 294 536 337 Sed
573 311 653 352 ego
691 296 861 339 habebo
900 297 1111 338 lationem
1144 299 1416 340 auctoritatis

77 369 208 408 meae,
235 355 481 408 meminero,
509 370 591 409 quo
614 356 756 397 animo
778 359 821 397 et
847 370 929 410 quo
957 356 1136 398 consilio
1165 357 1217 398 ad
1243 372 1418 399 causam

76 413 293 468 publicam
338 415 608 467 accesserim3
652 429 738 455 non
784 429 910 469 agam
955 417 1095 456 tecum
1141 416 1416 470 accusatorie,

75 472 183 512 nihil
215 472 395 526 fingam,
430 472 537 513 nihil
572 473 769 526 cuiquam
802 474 977 526 probari
1008 474 1106 514 volo
1139 489 1206 515 me
1240 475 1416 528 dicente,

39 530 188 584 squod
226 545 312 572 11011
349 533 448 572 ante
488 531 684 572 mihimet
721 532 804 586 ipsi
841 532 1074 586 probatum
1106 532 1173 573 sit.
1230 532 1280 573 In
1311 533 1392 574 hac
1421 543 1486 575 165

74 589 254 644 pecunia
282 589 472 643 publica,
504 590 680 643 iudices,
713 590 818 631 haec
850 591 996 631 insunt
1027 591 1112 632 tria
1145 605 1301 645 genera
1331 592 1416 632 fur-

74 651 236 701 torum,
273 649 478 702 primum,
517 663 612 690 cum
649 649 793 702 posita
831 652 943 689 esset
981 650 1160 704 pecunia
1199 650 1310 704 apud
1344 665 1414 691 eas

75 706 315 760 societates,
347 707 456 747 unde
484 709 576 748 erat
602 707 826 761 attributa,
858 708 971 748 binis
999 709 1241 749 centesimis
1273 709 1416 750 faene-

74 768 194 806 ratus
232 768 314 819 est,
353 765 501 806 deinde
538 766 763 820 permultis
803 766 1050 807 civitatibus
1086 782 1164 821 pro
1197 768 1414 809 frumento

23 835 55 862 10
73 824 180 864 nihil
221 824 352 865 solvit
389 824 581 877 omnino,
619 827 857 879 postremo,
896 825 931 866 si
970 826 1036 867 cui
1073 826 1240 867 civitati
1272 827 1414 879 solvit,

73 885 243 923 tantum
271 883 466 936 detraxit,
494 886 703 936 quantum
730 884 1000 925 commodum
1018 884 1120 938 afuit,
1148 885 1270 939 nulli,
1303 886 1416 939 quod

74 941 265 982 debitum
298 944 381 994 est,
412 941 608 982 reddidit.

161 1000 226 1041 Ac
263 1000 448 1055 primum
485 1000 566 1042 1100
605 1015 655 1041 ex
691 1003 734 1042 te
774 1016 950 1055 quaero,
988 1004 1055 1056 tu,
1093 1002 1160 1043 cui
1194 1003 1481 1057 publicani'll

73 1073 123 1100 ex
156 1058 379 1112 Carpinati
411 1059 569 1100 litteris
603 1060 766 1115 gratias
801 1063 998 1115 egerunt,
1030 1061 1211 1115 pecunia-
1243 1062 1414 1115 publica

23 1129 55 1154 15
74 1132 124 1159 ex
151 1118 315 1159 aerario
344 1121 533 1173 erogata,
567 1133 617 1159 ex
642 1119 928 1173 vectigalibus
960 1120 1111 1174 populi
1142 1120 1328 1162 Romani
1362 1121 1415 1162 ad

73 1176 299 1218 emendum
334 1176 599 1218 frumentum
632 1178 844 1218 attributa
875 1178 1060 1219 fueritne
1092 1178 1173 1219 tibi
1206 1180 1414 1234 quaestui,

72 1235 355 1290 pensitaritne
400 1235 480 1276 tibi
524 1236 648 1277 binas
694 1236 960 1277 centesimas.
1029 1236 1165 1278 Credo
1206 1240 1249 1279 te
1287 1253 1415 1293 nega-

72 1297 236 1348 turum3
268 1295 407 1349 turpis
435 1295 548 1335 enim
576 1297 641 1336 est
668 1298 710 1335 et
735 1295 977 1350 periculosa
1003 1295 1226 1337 confessio.
1282 1296 1390 1339 Mihi
1420 1302 1484 1333 166

75 1356 219 1394 autem
245 1353 327 1394 hoc
358 1353 617 1408 perarduum
650 1356 715 1394 est
748 1354 1054 1395 demonstrare.
1106 1354 1268 1403 Quibus
1301 1357 1414 1397 enim

20 1422 54 1448 20
72 1412 285 1453 testibus?
330 1412 599 1465 publicanis?>
656 1412 848 1454 Tractati
880 1413 1112 1455 honorifice
1146 1417 1263 1468 sunt3
1301 1417 1411 1456 tace-

73 1471 191 1512 bunt.
235 1470 412 1512 Litteris
434 1471 610 1512 eorum?
656 1471 839 1513 Decreto
865 1472 1196 1513 decumanorum
1222 1476 1414 1515 remotae

73 1532 184 1570 sunt.
253 1528 345 1577 Quo
384 1544 451 1570 me
488 1530 622 1584 igitur
660 1531 856 1571 vertam?
901 1546 992 1572 rem
1032 1533 1121 1571 tam
1157 1532 1413 1586 improbam,

73 1588 236 1630 crimen
260 1589 408 1629 tantae
436 1588 637 1630 audaciae
664 1591 896 1643 tantaeque
928 1590 1203 1644 inpudentiae
1235 1594 1414 1645 propter

72 1647 263 1701 inopiam
301 1647 479 1688 testium
520 1662 568 1689 ac
600 1647 846 1689 litterarum
883 1649 1259 1703 praetermittam?
1315 1649 1415 1690 Non

20 1716 54 1742 τῦ
71 1705 240 1760 faciam,
271 1705 443 1759 iudices,
474 1709 572 1747 utar
598 1708 709 1747 teste
741 1731 795 1736 —
830 1708 942 1760 quo?
988 1707 1032 1748 P.
1046 1706 1194 1748 Vettio
1222 1706 1414 1762 Chilone,

72 1764 245 1806 homine
296 1765 507 1819 equestris
559 1765 719 1806 ordinis
768 1765 1074 1807 honestissimo
1121 1769 1248 1820 atque
1293 1782 1414 1808 orna-

72 1824 261 1878 tissimo,
297 1824 369 1878 qui
402 1823 476 1864 isti
507 1824 570 1865 ita
602 1827 644 1865 et
676 1824 838 1866 amicus
872 1827 914 1866 et
946 1825 1211 1866 necessarius
1245 1828 1321 1880 est,
1354 1829 1413 1880 ut,

74 1883 242 1924 etiamsi
291 1884 357 1923 vir
400 1883 538 1924 bonus
582 1898 669 1924 non
713 1886 843 1937 esset,
893 1886 1056 1937 tamen,
1107 1884 1221 1937 quod
1264 1887 1414 1926 contra

72 1942 205 1983 istum
237 1941 414 1996 diceret,
449 1956 581 1997 grave
612 1942 846 1995 videretur,
878 1942 941 1983 ita
973 1943 1037 1983 vir
1068 1943 1206 1983 bonus
1241 1946 1322 1997 est,
1355 1947 1414 1997 ut,

21 2009 54 2035 30
75 2000 244 2041 etiamsi
271 2000 590 2042 inimicissimus
617 2001 692 2042 isti
718 2004 843 2055 esset,
875 2003 1021 2042 tamen
1048 2002 1136 2042 eius
1163 2002 1413 2044 testimonio

75 2059 187 2101 credi
219 2062 449 2114 oporteret.

162 2118 414 2159 Admiratur
447 2120 489 2159 et
522 2121 730 2173 expectat,
764 2119 967 2173 quidnam
991 2118 1166 2160 Vettius
1200 2119 1390 2161 dicturus
1418 2123 1481 2154 167

74 2176 141 2218 sit.
196 2176 318 2218 Nihil
357 2177 468 2218 dicet
507 2192 557 2218 ex
594 2180 806 2232 tempore,
842 2178 951 2218 nihil
988 2193 1037 2219 ex
1071 2192 1147 2219 sua
1178 2179 1414 2233 voluntate,

72 2235 196 2289 nihil,
235 2251 331 2277 cum
368 2236 581 2277 utrumvis
620 2236 790 2278 licuisse
827 2237 1034 2278 videatur.
1091 2236 1212 2277 Misit
1243 2237 1413 2279 litteras

24 2303 55 2330 35
73 2293 118 2334 in
144 2294 334 2337 Siciliam
361 2295 415 2336 ad
440 2294 751 2349 Carpinatium,
783 2310 878 2336 cum
905 2298 1017 2337 esset
1044 2295 1252 2350 magister
1285 2296 1414 2351 scrip-

73 2354 194 2394 turae
238 2357 281 2395 et
326 2368 398 2395 sex
438 2354 726 2408 publicmum,
773 2369 877 2408 quas
917 2369 995 2410 ego
1036 2353 1260 2408 Syracusis
1301 2355 1414 2410 apud

0 2459 4 2486 t
73 2409 408 2466 Carpinatium
396 2427 442 2453 111
467 2413 713 2454 litterarum
745 2413 975 2454 allatarum
1008 2413 1144 2466 libris,
1175 2413 1337 2455 Romae
1368 2414 1414 2455 in

0 2491 4 2523 f
142 2486 212 2513 (ΠΟ
232 2487 272 2513 11
294 2489 318 2513 1.
1086 2487 1128 2516 22

0 2527 3 2558 ι
1164 2528 1167 2530 .

0 2564 2 2584 Ι
