1618 2584
25 909 56 933 10

24 1201 55 1226 15

23 1495 57 1519 20

23 1788 56 1813 25

24 2079 58 2105 80

380 271 470 306 LIB.
498 272 530 306 11
571 272 671 308 CAP.
699 276 837 307 49—52'
864 276 881 311 ξ
912 276 1098 308 122-128
1327 275 1413 315 245

77 369 232 422 omnia,
257 369 469 409 neminem
490 368 573 409 isto
602 371 798 423 praetore
826 372 1066 410 senatorem
1092 368 1185 410 fieri
1210 370 1413 422 potuisse,

76 429 158 468 nisi
191 427 263 481 qui
296 427 369 468 isti
401 428 626 480 pecuniam
659 427 856 468 dedisset.

166 486 257 527 Hoc
299 486 411 526 idem
450 486 664 527 transfero
703 486 747 526 in
790 486 1091 540 magistratus,
1136 486 1390 539 curationes,
1421 496 1484 526 126

78 544 333 597 sacerdotia,
352 545 506 598 quibus
521 545 564 585 in
580 545 705 585 rebus
723 559 808 585 non
828 546 964 585 solum
984 545 1204 586 hominum
1221 545 1326 597 iura,
1343 545 1415 585 sed

76 604 205 644 etiam
225 603 399 644 deorum
420 603 729 644 immortalium
750 604 981 658 religiones
998 617 1143 644 omnes
1164 603 1415 656 repudiavit.

77 660 298 716 Syracusis
326 662 393 702 lex
421 664 486 702 est
513 661 562 702 de
589 661 809 716 religione,
843 676 949 715 quae
975 662 1019 703 in
1052 676 1186 703 amios
1220 662 1414 717 singulos

75 721 188 761 lovis
223 721 488 761 sacerdotem
521 720 676 760 sortito
710 720 804 772 capi
835 720 993 774 iubeat,
1027 721 1139 774 quod
1171 721 1282 773 apud
1314 721 1414 761 illos

76 779 387 833 amplissimum
409 778 693 819 sacerdotium
712 781 900 831 putatur.
935 778 1039 819 Cum
1061 779 1282 834 suffragiis
1303 782 1390 820 tres
1420 789 1483 819 127

77 852 125 879 ex
174 837 314 877 tribus
366 837 592 892 generibus
637 837 769 878 creati
814 840 931 890 sunt,
981 852 1048 878 res
1093 841 1319 879 revocatur
1363 838 1416 878 ad

78 898 249 936 sortem.
317 895 561 936 Perfeeerat
610 895 692 936 iste
743 896 939 949 imperio,
989 898 1037 936 ut
1086 911 1163 950 pro
1209 896 1414 951 suffragio

76 954 404 1007 Theomnastus,
435 953 663 995 familiaris
692 968 804 1007 suus,
838 954 883 994 in
908 954 1046 995 tribus
1080 955 1168 995 illis
1201 956 1415 996 renuntia-

76 1016 212 1066 retur3
252 1013 297 1053 in
335 1015 468 1067 sorte,
513 1013 579 1054 cui
616 1013 827 1066 imperare
865 1028 952 1053 non
989 1016 1177 1067 poterat,
1223 1017 1416 1067 expecta-

75 1072 181 1113 bant
207 1071 401 1112 homines
429 1071 630 1125 quidnam
658 1074 830 1112 aeturus
863 1074 986 1112 esset.
1043 1072 1197 1125 Homo,
1229 1072 1271 1112 id
1304 1073 1416 1126 quod

77 1134 169 1171 erat
189 1130 455 1184 facillimum,
480 1130 619 1184 primo
641 1132 760 1170 vetat
782 1130 940 1183 sortiri,
965 1130 1084 1171 iubet
1109 1133 1230 1171 extra
1256 1134 1416 1172 sortem

77 1189 414 1230 Theomnastum
453 1189 701 1230 renuntiari.
763 1188 938 1244 Negant
975 1189 1017 1229 id
1050 1188 1306 1242 Syracusani
1341 1205 1416 1244 per

75 1248 306 1303 religiones
335 1262 554 1289 sacrorum
580 1248 669 1288 ullo
698 1248 823 1288 modo
850 1248 942 1288 fieri
969 1262 1106 1301 posse,
1138 1248 1203 1288 fas
1237 1248 1416 1302 denique

74 1309 237 1362 negant
263 1321 366 1347 esse.
410 1307 535 1347 lubet
560 1306 642 1347 iste
671 1306 752 1347 sibi
778 1307 918 1361 legem
945 1306 1130 1347 recitari.
1174 1306 1416 1361 Recitatur3

75 1366 118 1406 in
149 1381 232 1420 qua
266 1366 473 1420 scriptum
508 1368 616 1419 erat,
654 1368 719 1418 ut,
753 1368 856 1419 quot
890 1368 1032 1406 essent
1063 1366 1316 1415 renuntiati⁷
1350 1369 1417 1407 tot

74 1425 118 1465 in
144 1424 341 1478 hydriam
372 1428 510 1465 sortes
544 1425 854 1478 conicerentur,
887 1424 1027 1464 cuium
1058 1438 1216 1464 nomen
1249 1425 1417 1477 exisset,

75 1486 123 1523 ut
161 1483 196 1524 is
235 1483 414 1524 haberet
451 1484 494 1523 id
527 1483 823 1524 sacerdotium.
886 1482 974 1523 Iste
1006 1482 1134 1523 homo
1167 1482 1416 1537 ingeniosus

77 1545 118 1582 et
156 1544 400 1594 peracutus:
439 1541 690 1596 ‘Optime’,
726 1541 884 1594 inquit3
919 1541 1113 1594 ‘nempe
1146 1541 1219 1581 ita
1258 1542 1417 1595 scrip-

76 1604 180 1641 tum
225 1603 319 1641 est:
364 1598 493 1648 0001
530 1612 813 1641 RENUNTIATI
851 1611 1021 1640 ERUNT.
1084 1598 1230 1647 ‘Quot
1269 1600 1417 1655 ergo',

76 1659 232 1712 inquit,
289 1658 427 1699 esunt
483 1658 820 1699 1·enuntiati‘?’
897 1658 1191 1711 Respondent:
1244 1658 1415 1699 ‘Tres’

78 1717 347 1771 cNumquid
366 1718 530 1772 igitur
552 1720 761 1770 oportet
781 1717 882 1757 nisi
908 1720 1013 1757 tres
1042 1720 1208 1757 sortes
1236 1717 1417 1771 conici,

77 1791 223 1817 unam
249 1776 437 1817 educiP'
489 1775 681 1816 ‘NihiL'
738 1774 885 1817 Conici
910 1775 1028 1816 iubet
1054 1779 1153 1828 treS,
1186 1775 1231 1815 in
1262 1776 1416 1829 quibus

77 1835 275 1876 omnibus
323 1837 435 1875 esset
482 1835 736 1888 inscriptum
781 1849 938 1874 nomen
981 1834 1274 1875 Theomnasti.
1346 1834 1417 1875 Fit

77 1894 239 1935 clamor
276 1893 506 1946 maximus,
544 1908 639 1934 cum
676 1893 720 1933 id
757 1892 967 1933 universis
1005 1893 1228 1947 indignum
1270 1907 1318 1934 ac
1348 1907 1418 1933 ne-

75 1952 232 1993 farium
282 1952 510 1993 videretur.
577 1951 645 1992 Ita
686 1951 801 1992 Iovis
848 1952 956 1992 illud
1001 1951 1288 1992 sacerdotium
1333 1966 1417 1992 am-

77 2011 321 2065 plissimum
354 2025 429 2064 per
460 2011 571 2051 hanc
602 2010 814 2051 rationem
847 2009 1138 2051 Theomnasto
1172 2010 1309 2050 datur.
1434 2049 1487 2078 59

166 2068 426 2123 Cephaloedi
464 2068 622 2110 mensis
662 2072 727 2110 est
765 2071 922 2122 certus,
961 2084 1042 2122 quo
1081 2083 1226 2109 mense
1260 2082 1394 2109 sacer-
1423 2063 1487 2129 ἕξ

78 2127 222 2168 dotem
261 2128 494 2168 maximum
534 2127 669 2167 creari
707 2129 914 2180 oporteat.
976 2127 1085 2168 Erat
1118 2127 1207 2167 eius
1239 2126 1416 2167 honoris

78 2187 254 2239 cupidus
276 2187 454 2227 Artemo
483 2186 668 2239 quidam,
700 2185 958 2227 Climachias
992 2186 1257 2240 cognomine,
1288 2185 1416 2226 homo

79 2259 179 2286 sane
206 2245 396 2299 locuples
425 2247 466 2285 et
494 2244 609 2285 domi
634 2244 804 2285 nobilis.
856 2243 937 2284 Sed
962 2244 998 2284 13
1025 2244 1118 2284 fieri
1143 2244 1264 2284 nullo
1291 2244 1417 2284 modo

77 2306 266 2358 poterat,
311 2303 348 2344 si
384 2303 629 2344 Herodotus
669 2303 842 2356 quidam
882 2302 1067 2357 adesset3
1112 2302 1150 2342 ei
1189 2302 1306 2343 locus
1344 2302 1419 2342 ille

27 2371 58 2397 35
80 2365 207 2416 atque
233 2362 369 2403 honos
397 2362 442 2402 in
472 2362 597 2402 illum
631 2376 790 2402 annum
821 2361 883 2402 ita
916 2361 1060 2402 deberi
1092 2361 1340 2415 putabatur,
1370 2363 1420 2401 ut

78 2435 130 2460 ne
163 2419 422 2462 Climachias
463 2420 632 2474 quidem
669 2423 819 2461 contra
852 2419 1022 2461 diceret.
1102 2420 1169 2460 {es
1204 2419 1257 2460 ad
1288 2419 1420 2460 istum

80 2478 268 2519 defertur
294 2481 336 2520 et
361 2479 487 2520 istius
515 2493 632 2520 more
661 2479 885 2532 deciditur,
918 2480 1162 2520 toreumata
1189 2492 1290 2519 sane
1316 2481 1420 2519 nota
