1618 2584
437 251 525 287 LlB.
547 252 579 286 V
624 252 721 287 CAP.
749 256 885 287 49—51
913 257 932 295 ξ
961 256 1154 288 128-133.
1383 256 1466 295 4ῗῖ

130 348 287 389 crimen
326 351 503 389 conetur
542 347 782 400 defendere,
819 348 856 389 is
894 348 957 389 ita
992 348 1209 401 defendat,
1246 349 1324 390 illa
1356 365 1467 392 com-

130 406 286 459 munia,
319 420 426 460 quac
453 407 504 447 ad
532 421 704 448 causam
734 407 844 447 nihil
875 407 1103 460 pertinent,
1135 409 1467 462 praetermittat,

129 478 196 505 me
234 465 383 519 culpae
420 465 639 506 fortunam
678 465 923 519 adsignare,
967 466 1262 507 calamitatem
1300 467 1468 508 crimini

130 522 246 576 dare,
286 538 352 564 me
385 523 659 564 amissionem
692 523 842 564 classis
875 524 1060 578 obicere,
1099 539 1194 566 cum
1228 525 1354 565 multi
1385 526 1468 566 viri

93 580 262 622 sfortes
300 582 344 622 in
382 582 597 623 communi
633 581 880 636 incertoque
919 582 1107 636 periculo
1142 583 1246 624 belli
1279 586 1321 624 et
1352 586 1468 625 terra

130 642 172 680 et
212 640 318 681 mari
351 654 477 694 saepe
513 639 783 681 offenderint.
838 639 1017 681 Nullam
1048 641 1131 682 tibi
1163 641 1301 683 obicio
1333 641 1468 683 fortu-

128 712 246 751 nam,
283 698 391 739 nihil
431 701 512 752 est,
551 698 663 752 quod
702 701 941 740 ceterorum
972 713 1039 740 res
1072 699 1213 740 minus
1246 701 1466 742 commode

130 759 273 811 gestas
313 756 525 811 proferaS,
562 756 670 797 nihil
707 760 789 810 est,
827 757 952 823 quod
971 758 1207 800 multorum
1238 759 1468 824 naufragia

127 814 326 856 fortunae
347 815 537 870 colligas.
581 815 676 871 Ego
697 830 779 857 nav
782 816 818 856 is
838 816 978 856 inanis
998 816 1130 857 fuisse
1151 816 1256 870 dico,
1282 818 1466 873 remiges

77 887 109 913 ιο
127 876 365 928 nautasque
401 874 618 927 dimissos,
622 852 844 928 Dreliquos
878 874 1085 929 stirpibus
1117 875 1274 916 vixisse
1306 877 1467 930 palma-

127 946 240 986 rum,
279 931 515 986 praefuisse
554 933 681 974 classi
719 933 869 987 populi
906 933 1091 974 Romani
1129 932 1337 988 Siculum,
1375 950 1467 989 per-

128 993 256 1044 petuo
279 991 404 1032 sociis
425 994 552 1045 atque
573 991 720 1033 amicis
742 990 1075 1045 Syracusanum,
1102 995 1144 1033 te
1170 992 1247 1034 illo
1273 995 1466 1047 tempore

127 1049 221 1104 ipso
267 1050 642 1104 superioribusque
687 1050 834 1091 diebus
879 1050 1076 1092 omnibus
1120 1051 1164 1091 in
1205 1051 1332 1092 litore
1371 1066 1466 1093 cum

128 1108 391 1149 mulierculis
435 1111 687 1163 perpotasse
732 1109 842 1163 (110ος
891 1109 1046 1150 harum
1089 1124 1232 1150 rerum
1277 1110 1466 1151 omnium

76 1179 108 1204 15
129 1169 324 1207 auctores
362 1169 579 1221 testesque
616 1167 816 1221 produco.
879 1167 995 1208 Num
1033 1168 1114 1208 tibi
1151 1168 1360 1209 insultare
1399 1169 1443 1209 in
1473 1178 1535 1209 132

128 1225 392 1279 calamitate,
430 1240 532 1267 num
564 1226 849 1267 intercludere
881 1226 1079 1281 perfugia
1110 1226 1327 1280 fortunae,
1363 1242 1467 1268 num

128 1298 250 1325 casus
276 1284 454 1325 bellicos
482 1285 738 1339 exprobrare
772 1287 845 1325 aut
878 1284 1044 1325 obicere
1076 1285 1253 1326 videor?
1291 1287 1467 1326 tametsi

129 1342 268 1383 solent
305 1342 335 1383 ii
371 1342 591 1384 fortunam
630 1343 712 1384 sibi
751 1343 862 1384 obici
898 1343 1032 1396 nolle,
1078 1343 1150 1397 qui
1189 1358 1232 1385 se
1266 1343 1466 1385 fortunae

127 1401 450 1453 commiserunt,
490 1401 561 1455 qui
598 1401 642 1442 in
681 1401 769 1442 eius
807 1401 1007 1456 periculis
1045 1405 1144 1443 sunt
1177 1417 1225 1444 ac
1256 1403 1466 1444 varietate

74 1473 108 1497 20
127 1460 299 1501 versati.
348 1459 481 1501 Istius
509 1460 678 1512 quidem
706 1460 968 1501 calamitatis
998 1464 1096 1501 tuae
1128 1460 1305 1502 fortuna
1336 1462 1466 1516 parti-

128 1533 226 1571 ceps
252 1533 338 1559 non
364 1518 457 1559 fuit,
507 1517 715 1559 Homines
743 1519 855 1559 enim
880 1518 925 1558 in
956 1518 1144 1572 proeliis,
1176 1533 1262 1560 non
1293 1520 1338 1560 in
1370 1534 1464 1562 con-

127 1576 252 1618 viviis
285 1577 389 1618 belli
421 1576 640 1618 fortunam
672 1576 907 1631 periclitari
940 1577 1098 1630 solent,
1137 1577 1181 1618 in
1212 1578 1290 1619 illa
1323 1581 1465 1620 autem

128 1635 375 1677 calamitate
395 1650 482 1677 non
501 1635 685 1676 Martem
705 1635 837 1677 fuisse
858 1650 1139 1688 communem,
1167 1636 1239 1677 sed
1253 1636 1465 1679 Venerem

127 1708 355 1749 possumus
407 1694 554 1735 dicere.
629 1693 789 1742 Quodsi
836 1693 1055 1735 fortunam
1099 1694 1180 1735 tibi
1225 1695 1336 1737 obici
1379 1710 1466 1737 non

74 1764 106 1789 25
128 1755 316 1807 oportet,
355 1767 428 1794 cur
459 1756 506 1794 tu
538 1752 736 1794 fortunae
767 1753 941 1794 illorum
972 1753 1263 1794 innocentium
1296 1754 1465 1795 veniam

129 1826 176 1852 ac
216 1811 357 1853 locum
395 1826 481 1852 non
514 1811 696 1852 dedisti?
758 1811 904 1852 Etiam
935 1811 1043 1852 illud
1074 1812 1295 1866 praecidas
1328 1813 1440 1866 licet,
1469 1822 1534 1853 133

127 1872 188 1923 te,
221 1869 333 1924 quod
365 1870 623 1924 supplicium
655 1884 773 1912 more
805 1870 1016 1911 maiorum
1049 1871 1280 1924 sumpseris
1314 1872 1466 1913 securi-

128 1943 208 1982 que
228 1929 499 1982 percusseris,
525 1928 680 1970 idcirco
703 1944 727 1969 a
747 1943 814 1970 me
835 1929 878 1969 in
899 1928 1058 1970 crimen
1085 1931 1127 1969 et
1155 1929 1232 1981 [in]
1260 1929 1465 1971 invidiam

127 1987 283 2028 vocari.
338 1987 437 2028 Non
464 1987 509 2028 in
541 1987 750 2041 supplicio
784 1987 944 2029 crimen
976 2002 1116 2028 meum
1149 1988 1349 2041 vertitur3
1380 2003 1465 2030 non

75 2058 107 2082 30
128 2059 208 2100 ego
254 2045 391 2087 securi
433 2059 543 2101 nego
589 2060 846 2100 quemquam
889 2045 1007 2087 feriri
1047 2046 1217 2100 debere,
1260 2061 1347 2088 non
1385 2061 1463 2102 ego

127 2107 289 2145 metum
327 2119 376 2145 ex
415 2119 459 2145 re
499 2104 694 2152 militari,
731 2119 817 2146 non
849 2105 1123 2146 severitatem
1154 2105 1341 2160 imperii,
1378 2120 1465 2147 non

126 2177 309 2217 poenam
347 2162 502 2218 flagitii
540 2163 637 2204 tolli
670 2163 761 2205 dico
796 2165 1012 2217 oportere3
1049 2164 1188 2204 fateor
1219 2178 1306 2205 non
1337 2165 1463 2206 modo

125 2221 171 2262 in
209 2221 363 2275 socios,
403 2221 475 2262 sed
514 2221 644 2263 etiam
681 2222 727 2262 in
758 2222 861 2263 civis
894 2222 1138 2276 militesque
1170 2225 1342 2264 nostros
1375 2238 1465 2276 per-

127 2293 252 2334 saepe
291 2294 382 2322 esse
421 2294 564 2322 severe
603 2295 651 2321 ac
682 2280 956 2322 vehementer
987 2280 1260 2322 vindicatum.
1324 2280 1463 2329 Quare
1478 2285 1528 2326 51

74 2350 106 2374 85
125 2338 230 2380 haec
257 2353 424 2393 quoque
450 2339 773 2392 praetermittas
805 2339 914 2381 licet.
969 2339 1066 2394 Ego
1099 2339 1270 2393 culpam
1301 2354 1388 2382 non
1419 2340 1464 2381 in

126 2397 371 2450 nauarchis,
410 2398 482 2439 scd
519 2398 563 2439 in
600 2400 643 2439 te
679 2397 811 2439 fuisse
850 2398 1115 2451 demonstro,
1154 2401 1195 2438 te
1231 2398 1369 2452 pretio
1402 2413 1463 2440 re-

127 2455 263 2510 miges
290 2456 534 2511 militesque
563 2456 774 2498 dimisisse
808 2470 955 2512 arguo.
1006 2456 1099 2498 Hoc
1130 2456 1337 2497 nauarchi
1368 2458 1464 2498 reli-
