1675 2574
551 99 653 135 CAP.
682 104 712 144 1,
739 104 759 134 2
786 103 806 142 §e
833 102 957 134 3—10.
1393 97 1419 138 3

86 195 241 238 aetatis
255 195 451 237 homines
467 195 785 248 disertissimos,
803 193 1077 248 fortissimos,
1096 193 1425 235 florentissimos

83 256 257 296 nostrae
289 254 495 308 civitatis,
538 255 610 308 qui
642 253 856 296 communi
887 253 1028 294 studio
1061 251 1239 293 sum'mis
1272 251 1425 305 opibus

85 311 177 354 Sex,
203 311 415 354 Naevium
444 312 686 367 defendunt,
714 312 749 354 si
775 312 817 353 id
844 314 909 353 cst
935 310 1169 364 defendere,
1201 308 1426 364 cupiditati

84 370 261 412 alterius
286 371 596 426 obtemperare,
623 385 706 425 quo
726 371 763 412 is
782 370 963 424 facilius,
989 384 1115 424 quem
1134 369 1252 421 velit,
1277 368 1424 422 iniquo

48 441 65 468 ⁵
83 429 238 471 iudicio
272 431 512 484 opprimere
543 430 693 484 possit.
747 428 860 470 Nam
894 428 995 483 quid
1025 428 1107 470 hoc
1137 427 1324 480 iniquius
1351 428 1425 467 aut

83 487 317 543 indignius,
367 487 411 529 O.
450 488 615 542 Aquili,
663 488 745 529 dici
786 490 859 529 aut
902 486 1228 529 commemorari
1269 487 1427 539 potest,

84 561 212 601 quam
243 561 323 601 me,
356 546 429 601 qui
460 549 588 601 caput
620 547 816 600 alterius,
850 546 1011 587 famam
1042 545 1324 598 fortunasque
1357 543 1427 584 de-

82 604 272 658 fendam,
309 605 451 660 priore
489 605 583 646 loco
622 619 795 646 causam
834 604 1000 646 dicere?
1042 619 1137 646 cum
1171 601 1427 658 praesertim

85 662 132 712 Q.
162 662 441 717 Hortensius,
479 662 552 717 qui
588 664 634 704 in
669 662 751 704 hoc
787 663 941 704 iudicio
979 665 1126 717 partes
1164 660 1427 704 accusatoris

34 734 67 760 10
87 721 272 776 obtinet,
304 724 454 764 contra
484 735 552 762 me
584 721 641 762 sit
673 721 881 775 dicturus,
916 721 983 762 cui
1015 735 1227 762 summam
1259 719 1427 774 copiam

83 779 420 835 facultatemque
453 779 619 822 dicendi
650 781 806 821 natura
837 780 999 834 largita
1031 782 1107 820 est.
1168 780 1238 820 lta
1275 779 1343 832 fit,
1378 780 1428 819 ut

86 853 184 894 ch,
223 840 295 893 qui
326 839 415 880 tela
447 838 659 893 depellere
692 840 735 879 et
765 838 1013 879 vulneribus
1047 837 1206 879 mederi
1238 837 1427 890 debeam,

84 899 177 939 tum
213 897 257 938 id
292 897 432 939 facere
476 911 622 952 cogar,
666 911 761 938 cum
811 897 940 938 etiam
979 897 1114 938 telum
1159 894 1427 937 adversarius

18 1000 19 1007 χ
84 956 253 998 11111111111
278 956 437 1010 iecerit,
462 956 550 996 illis
575 957 718 997 autem
738 955 781 995 id
800 957 971 1009 tempus
990 954 1272 1010 impugnandi
1293 954 1428 1007 detur,

34 1026 66 1052 15
87 1029 182 1057 cum
203 1017 246 1056 et
265 1014 430 1056 vitandi
449 1014 622 1056 illorum
641 1014 828 1068 impetus
854 1016 1048 1068 potestas
1076 1013 1278 1067 adempta
1302 1011 1427 1053 nobis

86 1074 168 1115 erit
188 1075 242 1128 et,
268 1073 304 1114 si
331 1088 414 1127 qua
438 1073 484 1114 in
509 1087 565 1127 re,
590 1072 634 1113 id
660 1072 772 1127 quod
798 1072 941 1127 parati
967 1074 1067 1113 sunt
1091 1071 1242 1124 facere,
1268 1070 1428 1112 falsum

20 1137 21 1144 ¹
85 1132 246 1174 crimen
278 1132 400 1186 quasi
431 1134 688 1173 venenatum
718 1131 891 1185 aliquod
917 1131 1052 1172 telum
1077 1130 1266 1182 iecerint,
1298 1128 1429 1170 medi-

86 1191 205 1233 cinae
241 1189 459 1232 faciendae
498 1190 615 1231 locus
652 1204 740 1231 non
777 1190 869 1231 erit.
929 1189 980 1230 Id
1018 1189 1171 1230 accidit
1214 1187 1427 1242 praetoris

22 1254 23 1260 ’
84 1249 314 1303 iniquitate
351 1251 394 1290 et
437 1248 610 1302 iniuria,
653 1248 841 1303 primum
885 1248 998 1302 quod
1043 1249 1193 1289 contra
1237 1246 1429 1288 omnium

34 1307 435 1351 monsuetudinem
472 1307 674 1349 iudicium
715 1307 833 1362 prius
867 1307 916 1348 de
947 1306 1107 1361 probro
1141 1320 1270 1360 quam
1301 1305 1352 1346 de
1382 1316 1429 1346 re

85 1366 239 1408 maluit
270 1366 373 1420 fieri,
406 1365 554 1408 deinde
588 1365 700 1420 quod
730 1366 794 1407 ita
825 1364 1051 1407 constituit
1081 1364 1125 1405 id
1155 1364 1299 1419 ipsum
1323 1363 1428 1404 iudi-

26 1431 27 1435 ’
86 1425 209 1478 cium,
241 1427 289 1466 ut
321 1439 429 1477 reus,
462 1427 694 1478 antequam
724 1424 902 1466 verbum
934 1423 1193 1465 accusatoris
1227 1422 1429 1475 audisset,

86 1483 434 1525 causam-dicere
472 1485 707 1538 cogeretur.
769 1481 891 1530 Quod
929 1496 1076 1523 eorum
1110 1481 1251 1537 gratia
1283 1483 1326 1522 et
1356 1494 1429 1535 po-

28 1586 29 1590 ,
85 1541 224 1583 tentia
248 1541 409 1583 factum
434 1545 510 1595 est,
543 1541 627 1595 qui,
653 1541 776 1595 quasi
802 1555 878 1582 sua
904 1555 972 1581 res
998 1542 1073 1581 aut
1097 1540 1234 1581 honos
1262 1541 1428 1594 agatur,

34 1610 66 1636 2⁵
85 1600 148 1641 ita
186 1600 416 1655 diligenter
448 1598 539 1640 Sex.
571 1598 710 1641 Naevi
747 1599 889 1641 studio
931 1601 974 1640 et
1006 1598 1234 1653 cupiditati
1264 1611 1429 1639 morem

87 1661 242 1715 geiunt
279 1660 322 1699 et
357 1658 402 1699 in
440 1658 529 1699 cius
568 1658 684 1699 modi
715 1658 841 1699 rebus
876 1672 977 1712 opes
1010 1671 1109 1698 suas
1142 1656 1428 1711 experiuntui,

30 1763 31 1766 Ἴ
84 1717 130 1759 111
168 1717 340 1771 quibus,
378 1731 461 1782 quo
493 1717 590 1771 plus
623 1718 800 1771 propter
832 1716 1038 1757 virtutem
1068 1715 1428 1769 nobilitatemque

85 1778 279 1832 possunt,
310 1789 359 1817 eo
386 1775 539 1829 minus,
570 1778 778 1829 quantum
803 1774 983 1829 possint,
1010 1774 1166 1816 debent
1192 1773 1427 1816 ostendere.

32 1866 33 1869 η
203 1833 311 1876 Cum
347 1836 415 1875 tot
451 1834 670 1888 tantisque
708 1833 1035 1875 difficultatibus
1077 1833 1254 1875 affectus
1301 1835 1426 1886 atque

2 1904 6 1907 ’
32 1903 67 1951 30
86 1893 271 1935 afflictus
303 1893 348 1934 in
379 1895 511 1946 tuam,
546 1891 591 1934 O.
623 1892 784 1946 Aquili,
816 1892 955 1946 fidem,
985 1891 1231 1945 veritatem,
1264 1891 1428 1932 miseri-

32 1979 35 2007 5
86 1951 274 1994 cordiam
298 1950 344 1993 P.
371 1950 593 2000 Quinctius
620 1950 875 2006 confugerit,
901 1965 997 1993 cum
1024 1950 1161 1991 adhuc
1187 1950 1226 1991 ei
1250 1951 1429 2004 propter

84 2011 171 2053 vim
204 2010 547 2052 adversariorum
578 2024 666 2051 non
695 2009 762 2050 ius
794 2024 891 2064 par,
926 2023 1014 2050 non
1045 2008 1200 2064 agendi
1232 2010 1427 2063 potestas

87 2069 245 2136 eadem,
275 2083 362 2111 non
388 2068 671 2124 magistratus
698 2082 857 2134 aequus
889 2067 1068 2122 reperiri
1072 2045 1301 2122 Opotuerit,
1332 2081 1428 2109 cum

35 2123 37 2185 f
85 2129 124 2169 ei
150 2142 363 2170 summam
388 2142 464 2182 per
496 2127 696 2168 iniuriam
730 2126 873 2168 omnia
903 2125 1078 2167 inimica
1110 2127 1239 2180 atque
1270 2125 1428 2167 infesta

36 2185 257 2241 5fuerint,
288 2189 344 2241 te,
376 2185 420 2227 C.
452 2184 621 2240 Aquili,
652 2199 830 2239 vosque,
864 2184 936 2250 qui
967 2185 1013 2225 111
1044 2184 1223 2226 consilio
1256 2184 1428 2238 adestis,

36 2237 39 2251 ¹
87 2247 182 2287 orat
212 2247 341 2299 atque
374 2244 582 2298 obsecrat,
613 2246 662 2286 ut
693 2243 842 2285 multis
873 2243 1041 2285 iniuriis
1067 2243 1272 2285 iactatam
1299 2245 1428 2297 atque

38 2335 39 2360 ÷
86 2304 298 2360 agitatam
330 2303 591 2357 aequitatem
622 2302 667 2344 in
697 2302 779 2345 hoc
804 2301 978 2344 tandem
1004 2302 1098 2344 loco
1125 2302 1358 2344 consistere
1385 2303 1428 2343 et

1099 2373 1144 2405 1²5

1457 1835 1499 1868 10
