1618 2584
356 216 446 250 LIB.
474 216 524 250 IV
568 217 669 252 CAP.
696 221 752 261 49,
779 220 823 252 50
848 220 867 260 ξ
896 220 1090 251 108-112.
1304 217 1388 257 411

141 310 222 360 Qui
248 311 421 353 tandem
446 312 572 354 istius
600 313 767 354 animus
794 315 860 354 est
884 327 997 354 nunc
1021 312 1068 353 in
1095 312 1389 353 recordatione
1405 310 1461 352 50

54 371 260 412 scelerum
299 385 491 425 suorum,
529 385 623 413 cum
662 385 742 426 ego
779 371 872 425 ipse
907 371 953 412 in
984 370 1390 412 commemoratione

54 443 200 470 eorum
243 443 330 471 non
374 429 514 470 solum
558 429 701 471 animo
740 443 1028 482 commovear,
1072 443 1221 470 verum
1261 428 1391 469 etiam

53 501 229 541 corpore
266 487 620 541 perhorrescam?
680 486 812 529 Venit
851 488 963 529 enim
1001 487 1108 529 mihi
1144 486 1252 541 fani,
1296 486 1391 540 loci,

18 545 274 600 5religionis
323 546 441 588 illius
484 547 531 587 in
574 549 779 600 mentem,
829 548 1056 588 versantur
1101 548 1200 587 ante
1245 546 1392 587 oculos

53 604 214 658 omnia,
265 605 353 646 dies
397 605 488 659 ille,
533 619 616 659 quo
661 619 756 646 cum
801 619 881 660 ego
925 604 1125 646 Hennam
1167 604 1393 657 venissem,

51 666 225 718 praesto
264 663 370 704 mihi
407 663 649 705 sacerdotes
691 661 858 704 Cereris
896 678 993 705 cum
1030 662 1179 705 infulis
1217 677 1266 704 ac
1302 676 1393 704 ver-

52 721 173 762 benis
198 721 384 775 fuerunt,
414 722 556 763 contio
584 724 903 776 conventusque
929 722 1098 776 civium,
1129 721 1175 762 in
1201 735 1284 775 quo
1312 734 1392 776 ego

52 794 148 822 cum
198 780 413 834 loquerer,
463 780 576 821 tanti
625 780 810 835 gemitus
861 780 1071 834 fletusque
1117 780 1296 833 fiebant,
1345 781 1394 820 ut

17 850 34 875 ο
53 838 354 880 acerbissimus
380 841 476 880 tota
504 839 608 880 urbe
634 839 776 880 luctus
802 839 965 880 versari
990 838 1219 880 videretur.
1269 837 1370 880 Non
1397 848 1460 878 111

51 897 117 938 illi
141 897 415 939 decumarum
440 897 632 952 imperia,
658 911 745 939 non
770 897 982 939 bonorum
1009 897 1282 951 direptiones,
1307 911 1394 938 non

51 956 200 1010 iniqua
242 956 415 1010 iudicia,
458 971 545 997 non
588 956 843 1010 inportunas
881 956 1006 997 istius
1046 955 1264 1010 libidines,
1307 969 1392 997 non

52 1014 152 1068 vim,
178 1029 264 1056 non
285 1015 580 1069 contumelias,
608 1015 764 1069 quibus
784 1015 928 1056 vexati
955 1014 1234 1069 oppressique
1260 1017 1394 1067 erant,

53 1073 443 1127 conquerebantur3
478 1073 645 1115 Cereris
670 1088 840 1127 numen,
873 1088 1092 1115 sacrorum
1121 1074 1394 1126 vetustatem,

14 1142 34 1168 5
52 1131 143 1174 fani
169 1132 422 1187 religionem
448 1132 575 1174 istius
606 1132 928 1174 sceleratissimi
960 1135 1088 1186 atque
1121 1131 1395 1173 audacissimi

53 1191 264 1245 supplicio
303 1191 465 1246 expiari
502 1191 725 1244 volebant,
771 1191 915 1232 omnia
953 1205 997 1232 se
1036 1193 1178 1232 cetera
1216 1190 1307 1244 pati
1347 1204 1395 1232 ac

52 1250 282 1305 neglegere
309 1249 520 1291 dicebant.
569 1248 652 1290 Hic
678 1249 801 1291 dolor
826 1252 920 1290 erat
945 1251 1106 1302 tantus,
1132 1251 1181 1290 ut
1202 1248 1393 1300 [Verres]

54 1308 164 1350 alter
214 1307 347 1349 Orcus
397 1309 566 1349 venisse
615 1307 813 1349 Hennam
864 1310 907 1349 et
955 1322 1044 1349 non
1091 1307 1396 1360 Proserpinam

55 1369 317 1421 asportasse,
363 1366 434 1407 sed
475 1367 616 1421 ipsam
655 1366 895 1420 abripuisse
933 1364 1130 1407 Cererem
1167 1365 1396 1407 videretur.

19 1435 35 1461 ⁰
55 1425 229 1467 Etenim
255 1426 358 1466 urbs
384 1425 462 1466 illa
487 1439 575 1466 non
601 1425 703 1465 urbs
730 1424 912 1477 videtur,
944 1424 1018 1465 sed
1048 1423 1195 1465 fanum
1229 1423 1395 1465 Cereris

55 1497 166 1537 esse,
194 1483 392 1524 habitare
419 1483 532 1538 apud
559 1497 650 1524 sese
678 1482 876 1525 Cererem
901 1482 1153 1524 Hennenses
1186 1482 1396 1523 arbitran-

54 1545 142 1594 tur,
185 1545 234 1582 ut
279 1541 385 1582 mihi
427 1556 515 1582 non
558 1541 671 1582 cives
714 1541 832 1582 illius
877 1541 1085 1595 civitatis,
1130 1540 1203 1581 sed
1250 1555 1396 1581 omnes

55 1600 317 1654 sacerdotes,
344 1614 491 1641 omnes
519 1600 689 1642 accolae
716 1602 844 1653 atque
872 1599 1089 1640 antistites
1111 1597 1278 1640 Cereris
1305 1613 1396 1640 esse

54 1659 292 1700 videantur.
372 1658 527 1700 Henna
575 1661 623 1699 tu
674 1658 951 1699 simulacrum
1001 1656 1169 1699 Cereris
1219 1657 1373 1698 tollere
1402 1666 1466 1697 112

11 1728 37 1755 25
56 1717 257 1771 audebas,
288 1716 443 1758 Henna
468 1719 516 1757 tu
543 1717 593 1758 de
620 1731 749 1758 manu
776 1715 941 1758 Cereris
962 1714 1203 1757 Victoriam
1236 1716 1397 1770 eripere

57 1779 100 1818 et
143 1776 266 1817 deam
310 1776 412 1817 deae
458 1775 681 1817 detrahere
725 1777 903 1817 conatus
945 1774 1019 1816 es?
1070 1781 1251 1828 quorum
1288 1774 1397 1815 nihil

55 1835 237 1888 violare,
279 1834 389 1875 nihil
434 1834 648 1890 attingere
693 1834 787 1875 ausi
831 1835 948 1887 sunt,
991 1833 1037 1874 in
1081 1833 1235 1887 quibus
1276 1836 1398 1874 erant

57 1893 218 1948 omnia,
270 1907 377 1947 quae
428 1893 578 1935 sceleri
621 1892 825 1947 propiora
868 1894 969 1933 sunt
1013 1906 1142 1946 quam
1185 1891 1398 1946 religioni.

57 1951 303 1994 Tenuerunt
329 1951 442 1993 enim
467 1951 511 1992 P.
532 1951 702 2006 Popilio
729 1951 774 1992 P.
795 1951 969 2006 Rupilio
996 1950 1244 1992 consulibus
1273 1950 1398 1992 illum

0 2011 197 2069 ¹Olocum
225 2011 356 2065 servi,
387 2010 580 2066 fugitivi,
612 2010 803 2063 barbari,
835 2010 1002 2063 hostes,
1034 2009 1107 2050 sed
1138 2023 1275 2063 neque
1307 2011 1398 2050 tam

0 2075 1 2118 ἢ
58 2070 170 2111 servi
207 2069 274 2110 illi
310 2069 580 2111 dominorum
615 2083 743 2122 quam
774 2071 823 2109 tu
854 2067 1100 2121 libidinum,
1137 2081 1276 2122 neque
1308 2069 1399 2108 tam

56 2128 231 2184 fugitivi
253 2128 320 2169 illi
347 2128 400 2170 ab
428 2127 611 2169 dominis
639 2142 767 2181 quam
794 2129 842 2168 tu
868 2126 922 2168 ab
949 2126 1040 2167 iure
1067 2129 1110 2167 et
1136 2126 1189 2167 ab
1216 2125 1398 2181 legibus,

56 2201 192 2241 neque
236 2190 327 2228 tam
370 2186 546 2228 barbari
588 2186 738 2241 lingua
782 2188 825 2227 et
866 2185 1042 2226 natione
1079 2185 1146 2226 illi
1184 2199 1313 2239 quam
1350 2187 1400 2225 tu

57 2248 214 2287 natura
252 2248 294 2287 et
332 2245 543 2298 moribus,
579 2259 717 2299 neque
751 2246 843 2285 tam
874 2244 940 2285 illi
971 2243 1119 2285 hostes
1151 2243 1399 2285 hominibus

9 2314 40 2340 ³5
60 2318 188 2359 quam
213 2306 262 2345 tu
288 2304 351 2345 dis
377 2303 710 2346 immortalibus.
759 2301 876 2351 Quae
906 2302 1147 2357 deprecatio
1175 2304 1240 2343 est
1265 2301 1401 2357 igitur

59 2362 97 2404 ei
121 2363 299 2418 reliqua,
327 2363 399 2418 qui
424 2362 684 2418 indignitate
711 2375 869 2415 servos,
901 2360 1146 2402 temeritate
1177 2360 1401 2416 fugitivos,

60 2421 217 2463 scelere
248 2422 475 2476 barbaros,
507 2420 761 2463 crudelitate
793 2420 940 2462 hostes
973 2419 1153 2461 vicerit?
