1618 2584
48 434 93 468 63

51 1257 94 1287 64

47 1930 104 1972 26

49 1983 92 2014 65

119 214 205 255 452
539 213 588 248 IN
619 214 656 248 C.
677 213 879 247 VERREM
906 213 1010 248 ACT.
1038 214 1079 248 ΙΙ.

118 312 167 351 111
205 312 248 350 01
284 309 368 363 ipsi
406 309 640 363 praedones
680 309 838 349 seirent
877 311 920 349 et
956 311 1050 349 tota
1080 309 1300 363 provincia
1331 310 1456 350 testis

120 371 243 409 esset.

209 426 314 468 Cum
341 428 519 480 propter
543 425 668 465 istius
701 425 812 467 hanc
843 425 1071 466 avaritiam
1103 426 1274 466 nomine
1307 427 1457 468 elassis

120 488 234 527 esset
270 485 314 526 in
347 483 508 537 Sicilia,
547 498 592 524 re
630 483 800 537 quidem
838 498 939 525 vera
975 498 1106 524 naves
1144 484 1312 538 inanes,
1350 500 1456 538 quae

120 544 323 599 praedam
361 542 568 596 praetori,
606 556 693 583 non
730 556 836 596 quae
874 542 1161 596 praedonibus
1195 546 1356 583 metum
1389 544 1457 584 ad-

119 604 299 656 ferrent,
338 605 500 655 tamen,
535 615 630 642 cum
657 600 702 641 P.
723 600 944 642 Caesetius
978 603 1020 641 et
1051 601 1096 641 P.
1123 601 1280 642 Tadius
1315 602 1456 642 decem

119 662 300 703 navibus
341 660 428 700 suis
469 659 715 713 semiplenis
747 660 1020 714 navigarent,
1058 674 1211 701 navem
1245 660 1457 714 quandam

120 721 359 774 piratarum
387 718 545 772 praeda
571 718 774 759 refertam
806 733 892 759 non
924 721 1139 772 ceperunt,
1172 718 1245 759 sed
1277 719 1457 760 abduxe-

120 781 220 819 runt
247 792 373 819 onere
407 791 482 818 suo
516 777 642 831 plane
675 779 846 831 captam
879 779 1007 830 atque
1041 777 1295 831 depressam.
1350 777 1458 818 Erat

121 852 170 878 ea
195 837 317 878 navis
344 837 472 890 plena
498 836 731 878 iuventutis
757 835 1108 889 formosissimae,
1133 836 1261 890 plena
1288 836 1458 891 argenti

119 896 224 937 facti
257 898 384 948 atque
417 895 595 949 signati,
632 895 769 935 multa
801 909 896 935 cum
929 895 1125 949 stragula
1156 897 1285 935 veste.
1341 894 1458 936 Haec

120 970 205 996 una
232 954 355 995 navis
388 968 412 994 a
444 954 580 994 classe
611 956 762 994 nostra
792 968 879 994 11011
911 956 1037 1007 capta
1070 956 1146 1006 est,
1179 953 1252 994 sed
1284 953 1458 994 inventa

121 1014 174 1054 ad
205 1012 488 1068 Megaridem,
527 1012 600 1066 qui
638 1012 756 1053 locus
793 1015 857 1053 est
888 1026 973 1052 non
1006 1012 1134 1066 longe
1167 1027 1192 1052 a
1225 1010 1457 1065 Syracusis.

121 1072 242 1120 Quod
286 1071 360 1112 ubi
404 1071 476 1111 isti
520 1071 766 1111 nuntiatum
808 1073 890 1123 est,
935 1071 1109 1111 tametsi
1146 1070 1191 1111 in
1230 1073 1325 1112 acta
1363 1086 1457 1112 cum

120 1130 382 1172 mulierculis
414 1130 583 1170 iacebat
615 1130 775 1183 ebrius,
814 1129 948 1170 erexit
981 1144 1024 1170 se
1057 1132 1201 1170 tamen
1234 1132 1275 1170 et
1310 1129 1456 1170 statim

121 1189 339 1243 quaestori
371 1189 601 1243 legatoque
635 1202 710 1229 suo
744 1188 941 1229 custodes
976 1188 1094 1228 misit
1126 1188 1376 1241 compluris,
1411 1190 1459 1228 ut

122 1248 265 1289 omnia
304 1247 387 1288 sibi
420 1248 589 1301 integra
622 1261 750 1300 quam
783 1247 968 1301 primum
1002 1247 1313 1288 exhiberentur.
1370 1246 1458 1300 Ap-

119 1307 298 1361 pellitur
350 1306 472 1346 navis
524 1304 777 1359 Syracusas,
834 1308 1105 1359 exspectatur
1155 1306 1207 1346 ab
1260 1305 1457 1346 omnibus

121 1365 390 1420 supplicium.
439 1364 528 1405 Iste
556 1364 678 1417 quasi
702 1364 861 1418 praeda
889 1364 969 1404 sibi
1003 1364 1191 1417 advecta,
1222 1379 1309 1405 non
1340 1378 1458 1418 prae-

121 1424 302 1465 donibus
341 1423 497 1476 captis,
536 1423 572 1463 si
611 1423 683 1476 qui
721 1437 842 1463 senes
881 1437 929 1463 ac
962 1423 1173 1463 deformes
1207 1425 1346 1475 erant,
1386 1437 1456 1463 eos

119 1484 163 1523 in
191 1482 383 1523 hostium
416 1495 592 1522 numero
627 1481 759 1533 ducit,
793 1481 865 1534 qui
897 1481 1057 1534 aliquid
1088 1481 1270 1535 formae,
1303 1481 1457 1522 aetatis

120 1541 376 1594 artificiique
396 1540 627 1593 habebant,
655 1540 827 1580 abducit
849 1540 1000 1593 omnis,
1026 1555 1111 1581 non
1130 1540 1273 1581 nullos
1295 1540 1458 1594 scribis,

119 1600 207 1641 filio
240 1599 491 1652 cohortique
524 1599 762 1651 distribuit,
795 1599 1125 1652 symphoniacos
1157 1599 1352 1639 homines
1387 1613 1458 1639 sex

120 1658 321 1713 quoidam
360 1657 496 1698 amico
536 1671 612 1698 suo
647 1657 829 1698 Romam
865 1657 1029 1698 muneri
1061 1657 1190 1698 misit.
1252 1656 1349 1698 Nox
1381 1657 1458 1698 illa

119 1720 213 1758 tota
251 1717 296 1757 in
334 1716 619 1757 exinaniunda
656 1730 764 1757 nave
803 1716 1079 1757 consumitur.
1135 1715 1458 1770 Archipiratam

119 1777 261 1830 ipsum
297 1775 413 1816 videt
443 1789 587 1828 nemo,
626 1774 675 1815 de
709 1789 790 1828 quo
824 1775 1078 1828 supplicium
1112 1774 1222 1815 sumi
1255 1775 1458 1828 oportuit.

118 1834 258 1875 Hodie
286 1848 432 1874 omnes
460 1834 519 1875 sic
545 1833 706 1874 habent
733 1832 851 1887 (quid
885 1833 974 1874 eius
1007 1834 1074 1887 sit,
1106 1847 1182 1874 vos
1215 1833 1459 1874 coniectura

121 1892 296 1946 adsequi
323 1891 519 1946 debetis),
552 1892 682 1932 istum
709 1892 820 1932 clam
847 1906 872 1932 a
903 1892 1055 1946 piratis
1090 1892 1143 1933 ob
1176 1892 1289 1933 1111110
1321 1892 1458 1933 archi-

120 1952 307 2006 piratam
355 1951 578 2005 pecuniam
618 1950 842 2004 accepisse.
888 1976 940 1979 —
988 1950 1243 1992 Coniectura
1281 1953 1357 1991 est.
1401 1974 1457 1979 —

119 2010 250 2051 Iudex
271 2023 362 2050 esse
384 2010 521 2050 bonus
542 2024 666 2050 nemo
687 2011 843 2063 potest,
870 2009 942 2063 qui
964 2010 1203 2064 suspicione
1229 2012 1345 2051 certa
1372 2024 1458 2050 11011

119 2071 327 2110 movetur.
395 2068 625 2109 Hominem
672 2068 826 2121 nostiS,
874 2068 1224 2109 consuetudinem
1268 2068 1457 2109 omnium

118 2127 294 2179 10110115,
340 2128 412 2180 qui
457 2127 604 2168 ducem
646 2127 906 2181 praedonum
947 2130 1021 2168 aut
1059 2127 1247 2168 hostium
1288 2127 1458 2181 ceperit,

119 2201 248 2240 quam
287 2185 473 2226 libenter
512 2200 606 2226 eum
645 2186 788 2239 palam
829 2188 927 2226 ante
965 2186 1111 2227 oculos
1145 2185 1333 2227 omnium
1367 2200 1458 2226 esse

119 2244 324 2299 patiatur.
381 2244 611 2285 Hominem
643 2244 688 2284 in
719 2246 842 2285 tanto
876 2248 1087 2286 conventu
1119 2243 1340 2299 Syracusis
1372 2244 1458 2286 vidi

120 2303 351 2356 neminem,
390 2303 566 2356 iudices,
605 2303 675 2356 qui
714 2303 1020 2357 archipiratam
1059 2307 1232 2358 captum
1271 2317 1362 2344 sese
1397 2303 1457 2344 vi-

121 2361 232 2402 disse
265 2362 439 2415 diceret,
479 2377 573 2403 eum
607 2376 771 2415 omnes,
808 2365 855 2402 ut
887 2376 979 2403 11105
1013 2365 1094 2415 est,
1133 2365 1180 2403 ut
1212 2362 1323 2402 solet
1354 2362 1458 2415 fieri,

121 2424 437 2475 concurrerent,
483 2423 753 2475 quaererent,
793 2420 934 2461 videre
972 2423 1184 2475 cuperent.
1247 2419 1356 2467 Quid
1394 2435 1458 2462 ae-

1480 848 1511 872 10

1480 1139 1511 1165 15

1479 1434 1512 1458 20

1478 1727 1511 1752 25

1478 2021 1510 2045 30

1477 2312 1510 2338 35
