1675 2574
463 126 564 165 CAP.
591 131 653 171 28,
680 131 723 162 29
751 131 770 169 ξ
798 130 946 162 76-81.
1320 126 1375 167 57

38 237 175 278 neque
199 222 262 264 ita
286 223 421 264 multo
450 226 562 278 post,
594 223 648 264 ad
672 223 784 266 hunc
809 223 968 277 locum,
997 236 1099 263 nam
1123 221 1205 263 hoc
1236 224 1378 263 totum

41 281 93 324 ad
122 280 302 323 Roscios
334 281 539 336 pertinet,
571 282 621 323 de
655 296 834 336 quorum
862 280 1039 323 audacia
1070 283 1163 321 tum
1194 294 1263 321 me
1296 280 1378 321 dic-

40 342 182 382 turum
215 339 435 394 pollicitus
475 354 588 394 sum,
627 355 722 382 cum
760 340 889 382 Eruci
927 338 1106 381 crimina
1145 338 1402 398 diluissem.c

6 482 15 490 -
39 470 154 504 cesse
172 459 250 510 est,
270 456 306 497 si
324 457 377 498 ad
394 456 505 498 hunc
523 457 779 499 maleficium
796 456 911 498 istud
926 456 1124 512 pertinet,
1144 458 1219 496 aut
1237 455 1379 509 ipsum

39 529 117 556 sua
160 529 289 556 manu
331 514 501 570 fecisse,
544 515 588 556 id
632 515 745 569 quod
787 529 939 571 negas,
983 517 1057 556 aut
1096 528 1172 570 per
1210 514 1378 568 aliquos

39 573 197 615 liberos
240 575 314 614 aut
352 587 511 615 servos.
573 572 835 615 Liberosue‘?
881 588 987 628 quos
1023 587 1161 628 neque
1198 575 1247 614 ut
1283 586 1379 615 con-

1 636 2 640 ’
39 631 180 674 venire
205 632 397 686 potuerit
424 646 561 686 neque
594 646 678 686 qua
708 632 875 673 ratione
906 632 1104 674 inducere
1135 645 1273 686 neque
1304 631 1379 673 ubi

2 696 3 705 ¹
37 704 173 745 neque
205 704 280 744 per
313 704 420 745 quos
451 704 588 744 neque
620 705 704 744 qua
736 704 810 745 spe
843 693 918 732 aut
950 705 1032 744 quo
1065 691 1223 745 pretio,
1254 692 1378 744 potes

39 748 272 791 ostendere.
320 748 416 804 Ego
444 751 594 790 contra
620 749 798 791 ostendo
824 763 912 790 non
938 749 1063 790 modo
1089 748 1199 790 nihil
1231 763 1379 790 eorum

3 845 5 862 ἱ
37 807 187 849 fecisse
219 805 312 849 Sex.
339 807 560 862 Roscium,
598 808 672 849 sed
709 822 762 848 ne
799 807 993 861 potuisse
1025 807 1196 861 quidem
1227 807 1380 861 facere,

4 875 5 881 ¹
39 866 152 921 quod
175 880 312 920 neque
338 865 502 908 Romae
527 866 676 908 multis
704 866 826 907 annis
852 866 993 907 fuerit
1008 880 1146 920 neque
1178 866 1229 907 de
1259 879 1379 921 prae-

38 924 118 966 diis
162 939 366 979 umquam
410 928 570 966 temere
616 925 869 967 discesserit.
930 924 1112 966 Restare
1149 924 1231 965 tibi
1267 923 1379 966 vide-

6 990 7 1040 ]
36 983 165 1025 batur
191 998 412 1026 servorum
442 998 612 1038 nomen,
644 998 727 1038 quo
761 983 882 1038 quasi
914 983 960 1024 in
990 986 1165 1038 portum
1196 982 1378 1024 reiectus

6 1041 7 1058 ³
39 1057 65 1084 a
84 1043 245 1084 ceteris
263 1043 579 1097 suspicionibus
605 1043 835 1097 confugere
860 1056 1029 1097 posses,
1054 1042 1128 1082 ubi
1155 1042 1379 1096 scopulum

38 1101 216 1143 offendis
249 1101 338 1142 eius
371 1101 500 1155 modi,
530 1104 580 1142 ut
609 1116 697 1143 non
728 1101 855 1150 modo
888 1101 941 1142 ab
973 1100 1055 1142 hoc
1087 1099 1248 1142 crimen
1278 1099 1379 1141 resi-

36 1159 115 1201 lire
135 1160 294 1214 videas,
319 1174 468 1202 verum
488 1174 658 1201 omnem
685 1160 971 1214 suspicionem
996 1159 1042 1200 in
1067 1160 1236 1200 vosmet
1260 1158 1378 1211 ipsos

10 1228 11 1267 1
35 1218 221 1260 recidere
247 1219 490 1274 intellegas.
545 1218 655 1267 Quid
681 1232 784 1274 ergo
811 1219 906 1259 est?
939 1232 1022 1272 quo
1052 1217 1227 1259 tandem
1261 1231 1378 1258 accu-

10 1281 12 1294 ²
37 1279 156 1319 sator
204 1277 351 1332 inopia
400 1280 755 1333 argumentorum
805 1276 1029 1332 confugit?
1093 1275 1218 1317 ‘Eius
1263 1275 1380 1316 modi

12 1333 207 1390 tempus
244 1336 363 1390 erat',
394 1336 547 1390 inquit,
579 1336 642 1377 ‘ut
673 1336 868 1377 homines
900 1336 1032 1390 vulgo
1064 1334 1238 1389 impune
1271 1334 1380 1376 occi-

13 1403 14 1407 ’
37 1393 256 1449 derentur,
276 1409 406 1449 quare
424 1395 505 1436 hoc
521 1398 570 1436 tu
586 1397 764 1450 propter
783 1394 1106 1436 multitudinem
1127 1393 1379 1435 sicariorum

14 1453 155 1495 nullo
181 1454 357 1509 negotio
383 1454 523 1495 facere
554 1452 762 1508 potuisti?
817 1453 1039 1494 Interdum
1071 1451 1178 1493 mihi
1208 1451 1379 1506 videris,

16 1510 178 1566 Eruci,
208 1527 294 1553 una
319 1512 511 1554 mercede
539 1512 642 1553 duas
669 1526 738 1554 res
765 1511 937 1566 assequi
962 1511 1086 1565 velle,
1117 1525 1196 1552 nos
1223 1510 1378 1552 iudicio

16 1571 308 1625 perfundere,
346 1585 545 1613 accusare
577 1573 721 1612 autem
754 1585 825 1612 eos
858 1571 994 1625 ipsos,
1030 1585 1055 1611 a
1088 1569 1241 1624 quibus
1273 1583 1380 1610 mer-

37 1629 179 1671 cedem
211 1630 426 1684 accepisti.
483 1629 593 1679 Quid
625 1629 717 1671 ais?
751 1629 883 1685 vulgo
916 1628 1248 1671 occidebantur?
1297 1627 1380 1668 Per

18 1701 142 1743 quos
169 1690 212 1729 et
241 1703 266 1730 a
293 1688 478 1742 quibus?
528 1687 682 1730 Nonne
707 1689 874 1743 cogitas
901 1690 944 1728 te
971 1702 996 1728 a
1028 1686 1265 1729 sectoribus
1297 1686 1380 1728 huc

18 1746 265 1789 adductum
291 1745 412 1788 esse?
446 1746 557 1796 Quid
582 1747 763 1801 postea?
808 1745 1034 1788 Nescimus
1062 1760 1138 1800 per
1163 1745 1250 1786 ista
1275 1748 1380 1786 tem-

19 1809 142 1860 'pora
161 1806 332 1847 eosdem
352 1806 440 1847 fere
461 1808 647 1847 sectores
674 1805 805 1847 fuisse
832 1805 1042 1847 collorum
1069 1806 1112 1846 et
1137 1803 1379 1846 bonorum?

20 1863 74 1906 111
112 1864 310 1919 denique,
349 1864 422 1919 qui
453 1867 546 1905 tum
579 1864 736 1906 armati
768 1864 857 1906 dies
888 1866 1122 1918 noctesque
1154 1877 1379 1905 concursa-

21 1917 160 1977 bant,
192 1923 265 1978 qui
295 1923 459 1965 Romae
492 1926 614 1965 erant
646 1923 824 1977 assidui,
857 1923 931 1977 qui
962 1922 1079 1964 omni
1110 1924 1303 1976 tempore
1334 1922 1380 1963 in

21 1967 194 2036 praeda
231 1984 274 2024 et
309 1982 355 2024 111
386 1983 595 2037 sanguine
626 1982 929 2035 versabantur,
967 1980 1060 2023 Sex.
1086 1980 1242 2022 Roscio
1275 1983 1380 2021 tem-

21 2022 153 2095 poris
202 2041 320 2082 illius
372 2041 653 2083 acerbitatem
702 2040 1061 2095 iniquitatemque
1107 2039 1294 2081 obicient
1337 2041 1380 2081 et

36 2099 158 2140 illam
196 2100 448 2142 sicariorum
486 2099 826 2153 multitudinem,
863 2099 908 2140 in
942 2113 1025 2153 qua
1056 2098 1141 2153 ipsi
1172 2098 1298 2140 duces
1331 2113 1380 2140 ac

24 2157 251 2212 principes
287 2161 428 2213 erant,
458 2158 558 2200 huic
590 2158 758 2200 crimini
789 2158 1005 2213 putabunt
1035 2156 1156 2199 fore?
1190 2156 1263 2211 qui
1293 2171 1380 2198 non

25 2201 164 2258 modo
190 2216 354 2259 Romae
385 2231 473 2260 non
502 2217 597 2271 fuit,
630 2217 704 2258 sed
736 2217 923 2270 omnino,
955 2215 1058 2270 quid
1086 2215 1251 2257 Romae
1283 2229 1380 2271 age-

26 2276 164 2329 retur,
197 2276 390 2331 nescivit,
414 2278 645 2331 propterea
674 2276 787 2329 quod
812 2275 901 2316 ruri
927 2274 1137 2329 assiduus,
1168 2288 1295 2329 quem
1327 2274 1380 2316 ad

61 2333 207 2376 -odum
239 2336 333 2377 tute
365 2334 602 2390 confiteris,
632 2334 727 2376 fuit.

125 396 260 451 Nunc,
279 397 420 451 Eruci,
447 398 499 440 ad
520 401 561 439 te
582 399 718 441 venio.
749 398 988 440 Conveniat
1012 397 1118 439 mihi
1143 399 1284 438 tecum
1309 411 1377 438 ne·
1392 382 1416 420 Δ

1404 433 1448 463 79

1404 1227 1451 1258 80

1406 1873 1445 1903 Si
