1675 2574
437 102 538 139 CAP.
566 107 702 138 29—31
730 107 749 146 ξ
774 107 924 139 89—97.
1163 107 1175 118 ·
1298 105 1351 146 31

15 199 220 252 officium,
262 197 408 251 fidem,
453 198 742 253 diligentiam,
790 199 924 240 vitam
969 199 1142 240 omnino
1187 213 1355 254 semper

13 257 232 300 horridam
271 258 401 310 atque
439 256 603 298 aridam
641 257 756 299 cordi
792 257 937 299 fuisse.
1003 257 1095 298 Ista
1133 258 1355 312 superiora

15 330 105 359 esse
132 329 180 356 ac
205 314 438 369 plurimum
464 329 591 370 posse
616 315 684 357 his
711 316 902 358 moribus
934 316 1077 357 sentit.
1122 315 1231 364 Quid
1250 330 1353 372 ergo
1381 327 1425 357 94

13 374 107 417 est?
167 372 267 414 Non
305 387 439 427 usque
478 388 526 415 eo
559 377 721 428 tamen,
759 377 808 415 ut
838 375 883 415 in
913 374 1053 430 capite
1083 374 1355 429 fortunisque

12 431 232 476 hominum
274 430 678 474 honestissimorum
711 433 984 474 dominentur
1013 433 1061 487 ii,
1102 433 1174 488 qui
1205 434 1356 475 relicta

11 491 201 534 virorum
226 490 439 531 bonorum
466 490 693 545 disciplina
725 494 768 532 et
800 494 1027 546 quaestum
1058 494 1102 533 et
1133 495 1355 546 sumptum

13 548 186 592 Galloni
224 548 344 602 sequi
381 549 627 590 maluerunt
669 551 796 603 atque
841 550 990 604 etiam,
1035 550 1148 605 quod
1190 550 1235 591 in
1277 550 1355 591 illo

11 622 97 650 non
131 606 232 660 fuit,
270 621 366 648 cum
407 607 584 648 audacia
614 607 877 662 perfidiaque
908 609 1117 650 vixerunt.
1179 607 1225 650 Si
1255 608 1356 650 licet

11 667 152 710 vivere
173 679 282 719 eum,
308 680 433 720 quem
453 663 546 707 Sex.
566 664 755 707 Naevius
780 681 867 708 non
892 667 998 718 vult,
1031 667 1067 709 si
1094 670 1160 709 est
1190 667 1356 709 homini

12 725 192 767 honesto
225 724 344 765 locus
375 724 421 764 in
452 723 628 765 civitate
658 724 795 765 invito
821 724 998 778 Naevio,
1031 726 1068 767 si
1098 725 1165 767 fas
1198 728 1264 767 est
1294 740 1357 767 re-

13 783 175 839 spirare
194 781 240 823 P.
261 781 507 831 Quinctium
534 785 684 824 contra
708 785 861 824 nutum
893 783 1187 838 dicionemque
1207 784 1357 838 Naevi,

13 843 61 897 si,
80 855 188 896 quae
207 841 370 895 pudore
390 844 643 882 ornamenta
663 841 744 882 sibi
764 841 944 896 peperit,
970 856 1020 883 ea
1039 845 1185 897 potest
1205 845 1357 885 contra

43 899 298 942 etulantiam
337 914 404 941 me
443 899 693 941 defendente
732 900 943 954 obtinere,
985 915 1082 955 spes
1120 903 1187 942 est
1226 901 1357 943 etiam

13 959 124 1001 hunc
147 958 351 1000 miserum
378 960 506 1013 atque
532 958 747 1000 infelicem
773 959 1003 1013 aliquando
1030 959 1204 1001 tandem
1230 973 1358 1014 posse

37 1017 258 1060 onsistere.
320 1015 395 1058 Sin
427 1019 470 1058 et
500 1017 662 1072 poterit
692 1016 880 1058 Naevius
913 1017 973 1071 id,
1007 1018 1120 1072 quod
1151 1019 1277 1072 libet,
1315 1020 1359 1059 et

36 1076 53 1118 i
88 1075 242 1117 libebit
272 1075 332 1129 id,
365 1075 478 1130 quod
508 1090 595 1117 non
625 1076 743 1129 licet,
777 1075 876 1130 quid
910 1051 1122 1131 agendum
1155 1077 1252 1118 est‘?
1287 1076 1359 1130 qui

42 1149 115 1177 eus
148 1108 430 1189 appellaiidus
463 1135 556 1176 est?
590 1134 708 1176 cuius
733 1109 923 1176 'hominis
950 1134 1054 1176 fides
1087 1130 1359 1201 imploranda

39 1193 107 1236 st‘?
141 1193 213 1247 qui
239 1193 419 1247 denique
454 1195 648 1247 questuS,
681 1193 753 1247 qui
785 1207 954 1235 maeror
987 1193 1142 1249 dignus
1171 1193 1359 1235 inveniri

31 1252 93 1305 in]
127 1251 374 1293 calamitate
405 1253 530 1293 tanta
559 1252 733 1306 potest‘?

100 1310 306 1352 Miserum
338 1312 404 1351 est
436 1310 656 1351 deturbari
686 1310 872 1351 fortunis
909 1311 1125 1364 omnibus,
1159 1310 1357 1352 miserius
1373 1292 1428 1373 {is

38 1371 79 1411 st
109 1368 284 1423 iniuria3
317 1369 518 1410 acerbum
550 1371 616 1410 est
647 1368 700 1410 ab
730 1369 874 1423 aliquo
902 1369 1212 1424 circumveniri,
1245 1384 1357 1411 acer-

42 1427 109 1469 ius
135 1442 161 1469 a
185 1427 446 1482 propinquo3
479 1427 779 1469 calamitosum
812 1430 877 1468 est
908 1428 1032 1469 bonis
1066 1428 1214 1482 everti,
1247 1428 1358 1469 cala-

58 1486 212 1527 itosius
257 1501 352 1527 cum
398 1485 618 1540 dedecore3
661 1485 880 1527 funestum
919 1489 985 1527 est
1023 1501 1048 1528 a
1085 1486 1191 1528 forti
1230 1489 1358 1540 atque

45 1547 196 1587 onesto
213 1544 306 1586 viro
323 1544 523 1600 iugulari,
543 1544 755 1586 funestius
777 1544 829 1586 ab
852 1559 912 1598 eo,
933 1545 1052 1586 cuius
1074 1559 1155 1586 vox
1175 1544 1220 1586 in
1238 1559 1359 1600 prae-

39 1603 136 1646 onio
181 1605 362 1657 quaestu
404 1603 618 1658 prostitit3
662 1603 886 1658 indignum
931 1606 997 1644 est
1041 1618 1065 1645 a
1108 1603 1204 1658 pari
1247 1602 1361 1645 vinci

41 1665 90 1704 ut
121 1661 350 1717 superiore,
382 1661 599 1716 indignius
633 1662 686 1702 ab
719 1661 920 1702 inferiore
954 1663 1083 1715 atque
1108 1661 1359 1714 humiliore3

61 1723 256 1763 ctuosum
271 1723 337 1762 est
357 1720 470 1761 tradi
491 1720 617 1761 alteri
637 1735 731 1761 cum
752 1720 889 1772 bonis,
909 1719 1148 1762 luctuosius
1168 1720 1361 1774 inimic03

47 1779 220 1822 orribile
252 1781 319 1820 est
350 1793 523 1821 causam
556 1779 710 1833 capitis
743 1778 898 1832 dicere,
933 1778 1185 1820 horribilius
1216 1779 1360 1834 priore

8 1881 10 1886 ,
61 1853 108 1881 00
157 1838 304 1880 dicere.
378 1836 533 1879 Omnia
574 1837 875 1892 circumspexit
920 1836 1163 1891 Quinctius,
1214 1837 1359 1879 omnia
1386 1845 1430 1876 96

68 1896 281 1939 riclitatus
327 1898 409 1951 est,
454 1895 498 1938 C.
533 1895 700 1950 Aquili,
745 1911 832 1938 non
869 1898 1114 1951 praetorem
1151 1896 1298 1949 modo,
1337 1911 1362 1937 a

75 1969 100 1998 0
125 1955 191 1997 ius
218 1956 485 2011 impetraret,
516 1954 708 1996 invenire
732 1969 816 1995 11011
842 1955 997 2009 potuit,
1025 1957 1153 2008 atque
1181 1954 1285 1996 adeo
1306 1968 1362 1995 ne

75 2013 124 2056 de
155 2015 370 2056 arbitratu
404 2013 574 2068 quidem
607 2027 682 2054 suo
714 2013 975 2068 postularet,
1009 2013 1083 2054 sed
1113 2027 1166 2054 ne
1199 2013 1360 2054 amicos

77 2073 184 2115 'dem
229 2072 322 2114 SeX.
367 2072 517 2125 Naevi,
563 2086 743 2126 quorum
782 2086 908 2126 saepe
947 2074 989 2112 et
1027 2071 1097 2112 diu
1140 2071 1193 2112 ad
1232 2071 1360 2125 pedes

60 2131 146 2174 cuit
191 2134 353 2173 stratus
386 2131 615 2173 obsecrans
653 2145 729 2184 per
761 2130 861 2171 deos
888 2130 1170 2183 immortales,
1200 2132 1249 2170 ut
1288 2132 1362 2170 aut

0 2227 2 2235 ,
63 2204 157 2232 cum
193 2190 284 2231 iure
317 2190 624 2232 contenderent
659 2191 733 2229 aut
766 2188 968 2229 iniuriam
1006 2188 1095 2229 sine
1124 2187 1363 2244 ignominia

0 2247 3 2253 ’
85 2248 99 2289 i
152 2249 432 2303 imponerent.
483 2260 487 2264 ’
529 2247 723 2301 Denique
781 2247 916 2301 ipsius
973 2247 1136 2288 inimici
1193 2247 1362 2288 vultum
1389 2254 1432 2285 97

0 2305 6 2371 3,
66 2307 369 2362 perbissimum
425 2306 575 2359 subiit,
626 2306 761 2361 ipsius
809 2304 901 2347 Sex.
944 2305 1083 2348 Naevi
1132 2305 1361 2347 lacrimans
