1618 2584
178 72 232 112 82
433 69 526 104 PRO
555 69 594 111 Q.
621 68 792 103 ROSCIO
821 67 1050 103 COMOEDO
1078 67 1266 103 ORATIO.

175 165 341 208 fundum,
368 175 476 208 quem
503 175 524 197 a
549 163 677 197 Flavio
698 161 854 197 Roscius
880 164 1083 207 acceperat,
1110 161 1171 196 HS
1193 160 1407 206 CCCIOOQ
1433 161 1520 198 inde

174 213 328 257 petebat
358 211 419 245 Hs
453 211 574 253 IOOO,
608 210 714 253 quasi
745 208 901 244 Roscius
933 220 999 254 pro
1033 209 1227 253 societate,
1264 220 1339 244 non
1378 220 1446 254 pro
1482 222 1520 245 se

174 261 322 294 tantum
344 257 550 294 decidisset.
596 258 639 291 In
658 267 729 300 quo
752 256 870 291 omnis
891 267 1002 291 causa
1021 259 1198 292 versatur.
1238 255 1378 302 Magna
1397 258 1520 292 autem

177 306 355 341 orationis
379 317 465 350 pars
492 304 631 340 amissa
657 305 722 338 est.

691 447 832 489 Ifficlta
863 447 1016 488 desunt.

134 506 153 587 ξ
400 518 614 560 malitiam
651 520 831 558 naturae
864 516 1116 558 crederetur.
1178 516 1221 558 Is
1257 516 1420 559 scilicet
1458 517 1523 559 vir

178 580 367 633 optimus
413 581 456 619 et
501 576 712 632 singulari
755 575 836 617 fide
883 575 1103 630 praeditus
1150 575 1196 616 in
1243 590 1319 617 suo
1366 575 1522 619 iudicio

178 637 265 678 suis
304 637 464 678 tabulis
505 636 690 677 testibus
722 635 787 676 uti
819 637 1009 676 conatur.
1072 632 1222 675 Solent
1252 634 1342 676 fere
1375 635 1523 690 dicere,

178 696 249 750 qui
270 710 345 750 per
366 696 539 737 tabulas
559 694 589 747 ’ἶ-
608 694 803 735 11011111108
824 727 831 734 .
853 726 860 735 .
882 725 891 733 .
912 727 919 733 .
941 693 1015 734 citi
1040 693 1265 747 pecuniam
1292 708 1523 748 expensam

178 755 387 795 tulerunt:
427 754 592 809 ‘Egone
630 753 763 794 talem
804 752 944 794 virum
982 766 1254 806 corrumpere
1294 753 1434 807 potui,
1476 756 1524 795 ut
1557 771 1573 798 5

177 828 272 854 mea
316 827 445 855 causa
490 813 650 854 falsum
693 812 738 852 in
788 811 975 853 codicem
1019 810 1245 852 referret?
1319 810 1524 867 Expecto,

178 886 306 926 quam
338 887 438 914 mox
465 870 657 913 Chaerea
688 870 770 912 hac
803 870 997 911 oratione
1023 872 1189 910 utatur:
1223 869 1388 925 ‘Egone
1414 870 1524 913 hanc

177 946 353 972 manum
378 932 550 986 plenam
576 929 779 985 perfidiae
807 931 849 970 et
874 929 954 970 hos
983 928 1142 983 digitos
1164 943 1282 970 meos
1302 929 1524 983 impellere

177 990 316 1045 potui,
354 992 403 1031 ut
440 989 600 1030 falsum
638 988 953 1043 perscriberent
993 986 1194 1029 nomenP'
1258 986 1420 1036 Quodsi
1450 988 1524 1029 ille

178 1063 276 1090 suas
314 1048 506 1103 proferet
543 1047 734 1101 tabulas,
772 1046 962 1101 proferet
1001 1061 1099 1087 suas
1133 1061 1299 1102 quoque
1331 1046 1523 1089 Roscius.
1545 1066 1574 1092 xo

176 1108 274 1150 Erit
317 1108 363 1148 in
405 1107 523 1148 illius
568 1106 730 1147 tabulis
768 1105 849 1147 hoc
887 1119 1061 1159 nomen,
1106 1108 1152 1146 at
1191 1106 1238 1146 in
1275 1105 1401 1147 huius
1438 1121 1526 1148 non

130 1175 149 1206 2
178 1166 271 1208 erit.
346 1165 432 1208 Cur
482 1165 625 1220 potius
675 1165 793 1206 illius
845 1179 973 1219 quam
1023 1164 1149 1205 huius
1200 1164 1424 1206 credetur?
1469 1190 1524 1195 -—

178 1224 431 1279 Scripsisset
462 1225 548 1278 ille,
582 1224 618 1265 si
649 1238 734 1265 non
764 1224 882 1264 iussu
908 1223 1035 1264 huius
1063 1237 1295 1277 expensum
1321 1223 1524 1266 tulisset?

180 1309 230 1314 —
277 1283 377 1325 Non
427 1283 672 1337 scripsisset
720 1282 807 1336 hic,
858 1282 970 1337 quod
1018 1281 1100 1323 sibi
1145 1296 1378 1337 expensum
1421 1282 1526 1324 ferri

176 1343 403 1385 iussisset?
464 1341 577 1382 Nam
617 1355 743 1395 quem
782 1341 835 1382 ad
868 1340 1041 1382 modum
1073 1343 1198 1395 turpe
1232 1343 1297 1382 est
1329 1341 1524 1395 scribere,
1543 1358 1573 1386 15

179 1401 292 1457 quod
328 1416 415 1443 non
453 1401 677 1453 debeatur,
723 1399 783 1441 sic
826 1399 1072 1454 improbum
1117 1402 1182 1440 est
1224 1414 1311 1441 non
1355 1400 1525 1455 referre,

179 1460 291 1516 quod
326 1461 492 1502 debeas.
542 1459 690 1513 Aeque
723 1459 837 1500 enim
862 1459 1038 1500 tabulae
1064 1458 1403 1501 condemnantur
1423 1459 1526 1514 eius,

179 1520 251 1574 qui
277 1534 427 1561 verum
452 1533 539 1560 non
564 1518 748 1571 rettulit,
781 1520 823 1559 et
856 1517 958 1571 eius,
991 1517 1063 1571 qui
1082 1517 1243 1559 falsum
1262 1518 1524 1573 perscripsit.

178 1577 259 1620 Sed
299 1593 378 1632 ego
420 1577 544 1633 copia
582 1580 624 1618 et
661 1577 868 1618 facultate
906 1591 1058 1618 causae
1096 1577 1280 1618 confisus
1312 1577 1408 1619 vide
1441 1592 1523 1632 quo

177 1637 440 1693 progrediar.
504 1636 549 1678 Si
580 1636 752 1677 tabulas
786 1634 829 1678 O.
862 1635 1050 1676 Fannius
1084 1635 1247 1690 accepti
1279 1638 1322 1677 et
1351 1636 1524 1691 expensi
1542 1654 1572 1680 20

177 1696 343 1751 profert
376 1710 473 1737 suas
506 1695 552 1736 in
583 1709 705 1735 suam
738 1709 828 1735 rem
861 1709 937 1736 suo
971 1694 1186 1736 arbitratu
1212 1695 1408 1750 scriptas,
1441 1709 1523 1750 quo

133 1769 150 1799 3
178 1755 319 1796 minus
365 1754 596 1796 secundum
636 1753 761 1794 illum
804 1752 1017 1803 iudicetis,
1060 1768 1147 1795 non
1190 1768 1350 1796 recuso.
1421 1753 1524 1803 Quis

177 1814 259 1855 hoc
294 1813 431 1854 ⁴frater
467 1813 611 1866 fratri,
650 1812 744 1866 quis
784 1826 938 1866 parens
970 1812 1060 1854 filio
1093 1812 1265 1866 tribuit,
1296 1816 1362 1866 ut,
1396 1813 1524 1867 quod-

178 1887 358 1926 cumque
384 1872 638 1925 rettulisset,
663 1871 707 1911 id
733 1874 874 1912 ratum
900 1871 1108 1912 haberet?
1157 1871 1317 1913 Ratum
1345 1872 1524 1913 habebit

178 1931 377 1984 Roscius3
409 1930 574 1986 profer3
608 1929 720 1985 quod
753 1930 833 1970 tibi
865 1930 995 1970 fuerit
1026 1944 1291 1985 persuasum,
1322 1931 1422 1973 huic
1443 1931 1523 1972 erit
1540 1946 1570 1973 25

178 2004 442 2046 persuasum,
470 1989 583 2044 quod
608 1989 689 2029 tibi
715 1988 845 2030 fuerit
871 1989 1114 2044 probatum,
1140 1989 1238 2031 huic
1265 1989 1346 2030 erit
1371 1990 1523 2044 proba-

177 2052 281 2090 tum.
350 2048 484 2090 Paulo
531 2051 629 2090 ante
673 2046 729 2088 M.
767 2047 1030 2102 Perpennae,
1073 2048 1118 2090 P.
1164 2047 1309 2090 Saturi
1351 2049 1523 2091 tabulas

177 2108 478 2162 poscebamus,
530 2121 642 2148 nunc
691 2109 806 2157 tuas,
857 2105 901 2148 C.
945 2105 1082 2148 Fanni
1132 2105 1340 2161 Chaerea,
1391 2107 1522 2149 solius

178 2166 425 2221 flagitamus
459 2169 513 2220 et,
546 2181 629 2221 quo
663 2165 802 2206 minus
837 2165 1066 2208 seeundum
1096 2179 1166 2207 eas
1193 2166 1246 2207 118
1273 2166 1406 2221 detur,
1437 2181 1524 2208 non

138 2238 152 2267 ι
180 2239 444 2279 recusamus3
477 2225 577 2280 quid
608 2225 670 2266 ita
701 2239 788 2266 non
819 2224 1015 2278 profers?
1065 2223 1165 2266 Non
1196 2225 1366 2266 conficit
1403 2225 1523 2266 tabu·
1539 2240 1596 2274 30,

179 2284 275 2324 las'}>
329 2283 466 2325 Immo
501 2283 843 2339 diligentissime.
893 2282 993 2324 Non
1024 2282 1156 2324 refert
1187 2298 1319 2338 parva
1349 2284 1523 2326 nomina
