1675 2574
469 95 571 131 CAP.
598 100 733 131 39—41
762 100 781 139 §
809 100 1003 131 115—120.
1352 97 1407 138 69

16 182 20 209 ¹.
63 206 146 247 quo
185 191 390 233 iudicium
430 193 513 246 est,
555 192 791 247 reperietis.
863 191 1037 233 Etenim
1077 206 1278 246 quaerere
1323 193 1385 234 ita
1413 206 1476 238 118

18 242 19 259 ¹
62 249 244 292 debetis:
287 249 362 291 ubi
394 250 533 291 multa
565 265 709 305 avare,
741 251 879 292 multa
911 250 1129 304 audacter,
1161 251 1299 292 multa
1330 252 1408 293 im-

60 309 210 365 probe,
262 309 400 350 multa
445 309 671 363 perfidiose
721 309 838 351 facta
888 309 1106 363 videbitis,
1156 309 1217 350 ibi
1270 310 1407 351 scelus

20 363 23 420 ἓ
63 381 229 422 quoque
262 367 398 408 latere
430 367 543 409 inter
573 368 651 409 illa
676 370 744 410 tot
769 368 938 424 flagitia
962 370 1172 423 putatote.
1216 367 1408 410 Tametsi

21 424 37 476 l.
63 426 143 468 hoc
175 425 346 479 quidem
378 426 556 467 minime
589 427 710 479 latet,
743 427 854 481 quod
883 427 946 469 ita
970 429 1219 482 promptum
1246 430 1289 468 et
1314 441 1408 482 pro-

22 478 251 540 ¹positum
291 486 374 538 est,
412 487 460 525 ut
496 499 583 527 non
622 500 672 526 ex
709 485 798 526 illis
836 485 1077 540 maleficiis,
1116 500 1223 540 quae
1255 486 1299 526 in
1329 486 1406 528 illo

23 530 28 620 1
61 545 231 585 constat
269 556 380 596 esse,
418 543 500 585 hoc
536 543 835 599 intellegatur,
873 559 1022 586 verum
1061 559 1110 585 ex
1150 544 1232 586 hoc
1265 545 1408 598 etiam,

25 629 28 667 1
62 601 99 643 si
131 616 214 656 quo
247 601 297 642 de
323 601 498 643 illorum
523 601 636 643 forte
663 602 942 657 dubitabitur,
969 603 1256 645 convincatur.
1298 602 1409 652 Quid

26 670 29 695 ἱ
61 660 247 714 tandem,
280 669 452 714 quaeso,
484 659 673 701 iudices?
704 675 808 702 num
840 664 915 702 aut
946 662 1019 702 ille
1046 662 1208 703 lanista
1234 662 1407 704 omnino

27 738 38 757 ..
61 719 148 760 iam
191 733 216 760 a
260 718 404 774 gladio
449 718 675 760 recessisse
719 719 888 761 videtur
932 723 1007 761 aut
1055 720 1125 762 hic
1175 720 1408 775 discipulus

62 777 271 832 magistro
292 777 511 819 tantulum
535 777 586 819 de
607 780 700 818 arte
719 778 978 820 concedere?
1015 778 1101 820 Par
1127 782 1193 820 est
1213 779 1409 833 avaritia,

30 857 32 859 >
62 836 216 878 similis
236 836 506 891 improbitas,
536 836 683 878 eadem
702 836 980 891 impudentia,
1007 838 1178 892 gemina
1198 837 1386 880 audacia.
1423 871 1477 911 41

150 895 336 949 Etenim,
363 895 566 949 quoniam
591 895 719 936 fidem
745 895 946 951 magistri
972 897 1206 952 cognostiS,
1232 911 1385 952 cogno·
1414 923 1479 953 119

32 961 35 996 2
63 954 169 996 scite
187 968 299 996 nunc
325 953 523 1009 discipuli
554 954 827 1008 aequitatem.
871 954 972 995 Dixi
998 955 1085 996 iam
1107 958 1234 997 antea
1260 970 1386 1010 saepe

61 1027 240 1054 numero
272 1013 519 1067 postulatos
553 1027 644 1054 esse
678 1013 731 1054 ab
764 1013 861 1054 istis
895 1013 999 1054 duos
1033 1027 1178 1055 servos
1211 1014 1256 1055 in
1285 1028 1410 1068 quae-

35 1071 258 1133 15111οη6111.
325 1070 390 1112 Tu
437 1086 622 1126 semper,
666 1070 712 1113 T.
755 1071 903 1125 Rosci,
947 1072 1167 1114 recusasti.
1243 1072 1410 1121 Quaero

63 1130 138 1172 abs
158 1132 220 1171 te:
253 1129 370 1184 ‘Iine,
404 1130 476 1184 qui
501 1130 795 1185 postulabant,
827 1130 994 1186 indigni
1020 1133 1155 1185 erant,
1185 1131 1257 1186 qui
1276 1131 1410 1186 impe-

38 1166 246 1242 trarent,
284 1203 340 1230 an
376 1189 412 1230 is
444 1191 487 1230 te
518 1203 606 1230 non
637 1189 954 1242 commovebat,
993 1204 1072 1244 pro
1106 1204 1189 1244 quo
1221 1190 1412 1244 postula-

41 1248 179 1301 bant,
212 1262 267 1289 an
297 1262 365 1288 res
397 1247 493 1302 ipsa
524 1247 606 1288 tibi
636 1247 785 1302 iniqua
815 1247 1086 1289 videbatur‘?’
1123 1248 1411 1290 Postulabant

41 1298 256 1348 'homines
275 1306 536 1347 nobilissimi
557 1309 686 1361 atque
711 1307 982 1362 integerrimi
1006 1309 1182 1348 nostrae
1209 1307 1411 1361 civitatis,

42 1355 170 1419 lquos
206 1365 294 1406 iam
333 1367 460 1406 antea
499 1365 736 1419 nominavi,
778 1366 851 1420 qui
886 1366 949 1407 ita
985 1366 1186 1407 vixerunt
1216 1366 1411 1420 talesque
1662 1402 1663 1406 ,

63 1438 88 1465 a
125 1423 286 1478 populo
330 1423 526 1465 Romano
570 1426 797 1478 putantur,
846 1427 912 1477 ut,
958 1424 1160 1479 quicquid
1211 1424 1412 1479 dicerent,
1662 1422 1671 1480 1

45 1475 186 1544 11161110
231 1484 362 1535 esset,
407 1482 480 1537 qui
521 1497 606 1524 non
650 1497 832 1536 aequum
869 1485 1054 1537 putaret.
1121 1482 1412 1525 Postulabant
1663 1485 1671 1526 ,¹³

63 1543 206 1583 autem
237 1555 315 1596 pro
347 1540 522 1582 homine
554 1540 794 1582 miserrimo
833 1543 961 1595 atque
992 1541 1306 1596 infelicissimo,
1339 1543 1411 1596 qui

49 1599 131 1650 vel
156 1599 248 1654 ipse
275 1613 367 1641 sese
392 1599 438 1640 in
463 1599 697 1641 cruciatum
724 1600 817 1641 dari
842 1602 1028 1654 cuperet,
1060 1600 1160 1641 dum
1193 1600 1242 1641 de
1274 1601 1411 1655 patris

49 1658 201 1700 morte
222 1660 509 1713 quaereretur.
559 1657 644 1699 Res
664 1672 794 1713 porro
816 1658 893 1699 abs
919 1661 962 1699 te
989 1658 1079 1700 eius
1105 1659 1221 1700 modi
1241 1661 1387 1714 postu-
1417 1673 1482 1704 120

51 1717 246 1795 jlabatur,
274 1719 322 1758 ut
344 1717 453 1758 nihil
467 1716 708 1770 interesset,
726 1720 872 1758 utrum
893 1731 986 1758 eam
1007 1731 1098 1758 rem
1117 1732 1336 1759 recusares
1358 1732 1413 1760 an

63 1775 113 1818 de
137 1775 348 1818 maleficio
375 1775 637 1817 confiterere.
695 1775 812 1825 Quae
845 1791 940 1818 cum
971 1776 1034 1817 ita
1066 1776 1165 1831 sint,
1199 1791 1355 1831 quaero
1384 1788 1482 1831 (120)

54 1835 139 1876 abs
184 1837 246 1889 te,
291 1849 420 1889 quam
458 1835 512 1875 ob
552 1849 726 1876 causam
764 1834 987 1876 recusaris.
1057 1833 1167 1877 Cum
1205 1835 1412 1877 occiditur

53 1873 155 1935 Sex.
187 1892 383 1947 Roscius,
416 1893 576 1935 ibidem
606 1893 792 1935 fuerunt.
856 1892 1011 1935 Servos
1042 1893 1180 1948 ipsos,
1214 1894 1326 1948 quod
1359 1894 1412 1935 ad

74 1966 130 1994 ue
169 1952 343 2006 attinet,
380 1966 518 2006 neque
550 1966 686 2008 arguo
719 1967 856 2006 neque
888 1966 1047 2008 purgo3
1087 1952 1199 2006 quod
1232 1967 1257 1993 a
1288 1952 1411 1994 vobis

71 2011 305 2067 oppugnari
337 2011 479 2065 video,
510 2025 564 2052 ne
593 2010 641 2052 in
673 2011 970 2065 quaestionem
1003 2011 1173 2064 dentur,
1207 2010 1412 2064 suspicio-

69 2083 158 2111 um
190 2072 272 2124 est3
314 2069 428 2124 quod
459 2084 560 2111 vero
595 2069 707 2124 apud
740 2083 816 2111 vos
848 2069 967 2124 ipsos
1006 2069 1052 2110 in
1088 2069 1251 2111 honore
1288 2071 1412 2111 tanto

59 2131 180 2204 1111111,
216 2128 412 2184 profecto
443 2143 616 2170 necesse
649 2130 715 2169 est
747 2128 887 2170 sciant
920 2127 1101 2182 aliquid,
1137 2128 1250 2182 quod
1283 2128 1319 2169 si
1351 2128 1413 2169 di-

32 2210 35 2225 ÷
67 2206 79 2224 s:
93 2186 214 2241 erint,
246 2187 535 2241 perniciosum
566 2186 690 2229 vobis
722 2186 917 2228 futurum
950 2186 1018 2227 sit.
1054 2211 1103 2216 —
1139 2185 1190 2228 In
1216 2186 1412 2229 dominos

61 2269 64 2283 »
94 2246 210 2287 uaeri
261 2246 311 2288 de
362 2246 496 2288 servis
536 2246 730 2300 iniquum
775 2248 851 2287 est.
889 2270 945 2275 —
983 2244 1045 2286 At
1086 2259 1215 2298 neque
1256 2246 1303 2287 in
1345 2259 1414 2288 vos

0 2326 1 2329 =
71 2304 302 2359 ·uaeritur;
333 2303 426 2347 Sex.
461 2305 572 2346 enim
599 2304 781 2346 Roscius
811 2318 908 2346 reus
936 2306 1020 2359 est3
1051 2318 1188 2356 neque
1215 2304 1260 2346 in
1285 2305 1412 2347 domi-
