1618 2584
394 271 482 305 LIB.
512 272 526 305 Ι
572 271 672 306 CAP.
699 276 838 307 33—35
866 276 884 314 ξ
911 276 1060 307 84—89.
1318 272 1401 313 173

59 368 203 409 omnia
240 368 424 409 testibus
464 368 634 423 integra
669 369 916 421 reservab03
953 368 1077 420 illud,
1118 367 1231 422 quod
1262 382 1399 421 neque

59 427 190 468 taceri
240 427 329 467 ullo
382 427 506 467 modo
554 441 690 480 neque
735 427 816 468 dici
861 441 938 481 pro
985 427 1198 481 dignitate
1242 429 1400 481 potest,

59 485 315 540 cognoscite.
372 484 533 526 Milites
566 486 834 540 remigesque
867 485 1064 527 Miletum
1096 485 1254 539 Myndo
1287 486 1400 539 pedi·
1427 493 1469 524 87

57 545 136 584 bus
164 544 321 585 reverti
353 544 484 597 iubet,
515 545 607 598 ipse
641 559 947 598 myoparonem
979 544 1317 599 pulcherrimum
1351 544 1400 585 de

21 603 201 643 5decem
245 602 512 643 Milesiorum
556 603 738 643 navibus
785 604 966 644 electum
1005 602 1050 644 L.
1083 602 1229 658 Magio
1275 605 1317 643 et
1355 602 1400 643 L.

57 660 233 714 Fannio,
267 662 339 715 qui
366 661 513 715 Myndi
544 661 815 714 habitabant,
848 662 1050 703 vendidit.
1106 662 1163 702 Hi
1197 664 1296 702 sunt
1327 661 1400 702 ho-

57 720 204 771 mines,
227 735 332 773 quos
354 735 490 773 nuper
512 723 684 760 senatus
705 720 749 760 in
770 720 958 761 hostium
980 735 1159 762 numero
1178 720 1414 761 habendos·

57 779 238 832 censuit3
283 779 363 820 hoc
408 779 473 819 illi
518 779 691 833 navigio
737 779 790 819 ad
835 794 981 820 omnes
1025 779 1174 833 populi
1214 779 1400 820 Romani

56 837 203 878 hostes
247 852 381 891 usque
426 837 479 878 ab
518 837 674 878 Dianio
721 838 852 891 [quod
885 838 930 878 in
968 838 1181 892 Hispania
1219 839 1300 890 est]
1347 838 1401 879 ad

6 909 37 933 ιο
58 894 263 950 Sinopam
297 898 422 950 [quae
455 896 499 936 in
531 896 670 937 Ponto
704 898 785 948 est]
819 898 1146 952 navigaverunt.

145 956 191 1008 Ο,
224 955 266 996 (11
297 955 584 1006 immortales,
619 955 915 996 incredibilem
948 956 1176 997 avaritiam
1210 956 1398 1011 singula*

56 1028 228 1067 remque
249 1014 489 1054 audaciam!
533 1013 700 1054 Navem
721 1017 768 1054 tu
793 1014 841 1054 de
869 1015 1006 1055 classe
1032 1015 1181 1069 populi
1203 1015 1398 1059 Romani,

57 1087 185 1126 quam
205 1072 286 1113 tibi
306 1072 476 1114 Milesia
501 1073 665 1125 civitas,
690 1076 738 1113 ut
764 1076 806 1113 te
833 1077 1175 1127 prosequeretur,
1203 1074 1399 1126 dedisset,

58 1146 186 1172 ausus
221 1146 264 1172 es
296 1132 507 1172 vendere?
565 1129 609 1172 Si
640 1134 683 1172 te
716 1132 969 1186 magnitudo
1004 1133 1220 1183 maleficii,
1257 1133 1293 1172 si
1324 1132 1399 1173 ho-

5 1203 36 1228 15
57 1191 219 1231 minum
241 1191 503 1231 existimatio
524 1205 610 1231 non
633 1191 846 1241 movebat,
872 1205 925 1231 ne
951 1191 1059 1231 illud
1087 1191 1257 1244 quidem
1285 1191 1400 1245 cogi-

55 1250 199 1302 tabas,
249 1249 375 1290 huius
419 1249 731 1303 improbissimi
774 1249 880 1290 furti
926 1250 1014 1290 sive
1061 1250 1164 1290 adeo
1210 1250 1399 1290 nefariae

55 1308 238 1362 praedae
258 1310 348 1349 tam
368 1308 583 1349 illustrem
606 1323 653 1349 ac
673 1311 763 1348 tam
784 1309 973 1349 nobilem
994 1308 1216 1349 civitatem
1242 1311 1398 1349 testem

54 1366 274 1408 futuram?
338 1366 423 1419 An,
462 1368 562 1421 quia
600 1370 693 1407 tum
734 1366 806 1408 Cn.
833 1367 1065 1408 Dolabella
1097 1368 1142 1408 in
1174 1382 1286 1420 eum,
1327 1367 1399 1421 qui
1426 1375 1469 1407 88

56 1426 93 1466 ei
131 1426 385 1480 myoparoni
422 1425 666 1479 praefuerat
698 1425 963 1480 Milesiisque
1001 1440 1093 1467 rem
1132 1429 1301 1481 gestam
1338 1441 1399 1466 re-

3 1496 36 1521 20
55 1485 288 1538 nuntiarat,
315 1484 655 1526 animadvertere
676 1487 750 1525 tuo
771 1488 929 1540 rogatu
950 1487 1128 1526 conatus
1154 1488 1219 1525 est
1244 1499 1399 1525 renun-

54 1543 365 1597 tiationemque
390 1543 491 1596 eius,
518 1558 625 1596 quae
653 1546 745 1584 erat
770 1544 814 1583 in
840 1544 1035 1597 publicas
1063 1544 1232 1584 litteras
1260 1544 1398 1584 relata

54 1602 228 1642 illorum
249 1602 429 1657 legibus,
454 1602 552 1642 tolli
577 1602 773 1656 iusserat,
799 1602 955 1644 idcirco
977 1606 1019 1643 te
1041 1617 1090 1643 ex
1114 1602 1195 1643 hoc
1222 1602 1398 1643 crimine

56 1661 246 1714 elapsum
294 1675 385 1701 esse
431 1660 730 1701 arbitrabare?
798 1660 985 1701 Multum
1030 1663 1073 1701 te
1115 1661 1200 1701 ista
1240 1661 1397 1701 fefellit
1415 1659 1469 1700 35

56 1719 212 1773 opinio,
239 1722 281 1759 et
303 1719 471 1773 quidem
497 1720 644 1760 multis
672 1719 716 1759 in
741 1719 860 1760 locis.
911 1718 1088 1773 Semper
1115 1720 1228 1760 enim
1257 1720 1399 1760 existi-

2 1790 35 1815 25
56 1778 197 1831 masti‚
230 1780 272 1818 et
306 1778 489 1819 maxime
521 1778 565 1818 in
598 1776 755 1831 Sicilia,
789 1778 894 1819 satis
928 1782 1100 1819 cautum
1133 1778 1214 1819 tibi
1247 1778 1300 1819 ad
1333 1779 1399 1819 de-

54 1837 292 1878 fensionem
313 1837 414 1889 fore,
442 1837 478 1877 si
499 1840 572 1877 aut
591 1837 742 1877 referri
763 1837 925 1890 aliquid
945 1836 989 1877 in
1009 1837 1179 1877 litteras
1202 1837 1398 1890 publicas

54 1896 262 1937 vetuisses
291 1898 377 1948 aut,
403 1896 516 1949 quod
542 1896 727 1936 relatum
755 1898 879 1948 esset,
908 1896 1007 1936 tolli
1033 1896 1260 1951 coegisses.
1304 1895 1399 1937 Hoc

56 1970 184 2008 quam
219 1954 327 1994 nihil
362 1954 434 2007 sit,
473 1955 648 1995 tametsi
670 1964 731 1995 'ex
764 1954 911 1995 multis
946 1953 1115 1996 Siciliae
1148 1955 1397 1996 civitatibus

54 2013 197 2066 priore
224 2013 390 2054 actione
418 2013 617 2066 didicisti,
648 2016 795 2054 tamen
822 2013 952 2053 etiam
984 2014 1029 2054 in
1061 2013 1141 2054 hac
1173 2014 1269 2068 ipsa
1301 2014 1398 2055 civi-

3 2083 36 2108 30
55 2074 144 2113 tate
172 2086 391 2127 cognosce.
443 2070 551 2112 Sunt
576 2072 643 2113 illi
670 2072 839 2126 quidem
867 2072 979 2113 dicto
1008 2072 1241 2126 audientes,
1269 2087 1397 2126 quam

56 2131 127 2171 diu
153 2131 308 2171 adsunt
333 2131 374 2184 ii,
409 2130 480 2184 qui
507 2131 740 2185 imperant3
773 2131 953 2172 simulac
981 2131 1280 2183 discesserunt,
1312 2146 1397 2171 non

57 2190 196 2231 solum
222 2189 330 2230 illud
356 2189 640 2243 perscribunt,
674 2190 787 2243 quod
813 2193 904 2230 tum
936 2190 1148 2244 prohibiti
1181 2192 1291 2243 sunt,
1325 2190 1398 2230 sed

56 2248 187 2289 etiam
214 2263 386 2289 causam
414 2248 673 2301 adscribunt,
712 2263 785 2289 cur
815 2263 902 2289 non
933 2251 1027 2289 tum
1058 2249 1103 2288 in
1135 2248 1304 2289 litteras
1336 2263 1399 2289 re-

54 2306 192 2347 latum
232 2307 298 2348 sit.
364 2306 540 2348 Manent
578 2307 686 2347 istae
725 2307 896 2348 litterae
934 2307 1090 2360 Mileti,
1129 2310 1305 2347 manent
1344 2310 1398 2359 et,
1426 2315 1467 2346 89

3 2377 35 2402 35
56 2365 155 2406 dum
194 2365 274 2406 erit
308 2366 385 2406 illa
418 2366 587 2419 civitas,
627 2366 872 2406 manebunt.
929 2365 1088 2407 Decem
1121 2366 1234 2406 enim
1265 2380 1397 2407 naves

55 2424 174 2464 iussu
204 2423 250 2465 L.
275 2423 478 2465 Murenae
516 2425 701 2479 populus
734 2424 929 2465 Milesius
969 2439 1018 2465 ex
1056 2425 1235 2479 pecunia
1270 2425 1397 2466 vecti-

56 2482 144 2536 gali
182 2483 340 2537 populo
374 2483 568 2524 Romano
608 2484 784 2536 fecerat,
825 2483 933 2524 sicut
972 2498 1049 2537 pro
1090 2498 1167 2524 sua
1206 2498 1397 2538 quaeque
