1618 2584
345 281 467 316 L[B.1
496 281 597 315 CAP.
620 285 756 315 31—33
784 285 802 323 g
831 284 978 315 ’111-84.
1316 281 1395 320 171

62 391 218 432 poenas
257 376 420 417 Romae
460 377 658 417 daturum
696 376 985 417 credidissent.
1040 375 1138 416 Etsi
1169 376 1302 416 talem
1336 391 1399 417 ac-

61 437 261 489 ceperant
286 435 499 488 iniuriam,
533 450 660 489 quam
687 436 807 475 nulla
839 435 933 490 lege
966 434 1071 475 satis
1108 434 1233 489 digne
1260 449 1399 488 perse—

62 494 132 548 qui
160 496 346 546 possent,
371 496 517 534 tamen
542 494 813 535 incommoda
840 508 917 534 sua
941 494 1102 534 nostris
1129 493 1398 533 committere

62 552 229 607 legibus
256 554 299 593 et
324 552 491 593 iudiciis
522 567 649 605 quam
680 553 818 593 dolori
851 567 926 593 suo
960 552 1209 606 permittere
1242 552 1398 592 malue-

24 624 38 647 5
60 614 170 651 runt.
226 610 289 651 Tu
317 611 434 663 mihi,
467 626 561 652 cum
594 611 895 652 circumsessus
930 626 954 651 a
985 613 1076 651 tam
1108 610 1270 650 illustri
1302 610 1399 651 civi-

59 672 149 710 tate
194 669 251 710 sis
297 672 473 723 propter
517 672 639 709 tuum
684 670 821 710 scelus
861 674 990 722 atque
1026 669 1258 724 flagitium,
1304 683 1398 709 cum

60 728 250 783 coegeris
278 727 473 769 homines
501 728 679 768 miseros
714 730 755 767 et
788 728 1065 769 calamitosos
1100 727 1222 781 quasi
1255 727 1399 781 despe-

59 788 165 827 ratis
191 787 352 827 nostris
380 787 548 841 legibus
575 789 617 827 et
649 786 815 827 iudiciis
850 787 902 827 ad
934 787 1032 839 vim,
1066 787 1119 827 ad
1152 800 1314 839 manus,
1348 786 1398 826 ad

59 860 179 886 arma
206 846 447 899 confugere,
480 860 575 885 cum
601 847 643 885 te
670 845 713 885 in
741 845 908 899 oppidis
942 848 984 885 et
1017 845 1265 886 civitatibus
1299 845 1399 885 ami-

8 916 38 939 10
59 918 204 945 corum
248 918 334 944 non
377 904 569 959 legatum
613 904 762 958 populi
804 903 1006 957 Romani,
1051 904 1124 944 sed
1165 906 1400 956 tyrannum

58 962 336 1003 libidinosum
361 962 658 1028 crudelemque
684 962 944 1016 praebueris,
972 977 1067 1003 cum
1095 962 1207 1015 apud
1234 965 1400 1003 exteras

57 1021 287 1062 nationes
276 1021 446 1076 lmperii
466 1022 737 1075 nominisque
764 1022 902 1062 nostri
927 1021 1088 1061 famam
1116 1021 1202 1061 tuis
1229 1021 1400 1075 probiis

58 1080 322 1135 flagitiisque
348 1080 537 1133 violaris,
570 1095 666 1120 cum
692 1083 734 1120 te
762 1094 811 1120 ex
837 1079 951 1121 feiro
986 1080 1220 1120 amicorum
1253 1079 1401 1134 populi

58 1138 242 1179 Romani
269 1139 474 1192 eripueris
508 1141 636 1192 atque
669 1153 719 1179 ex
750 1138 924 1179 flamma
957 1139 1169 1180 sociorum
1204 1139 1400 1191 evolaris,

8 1209 38 1234 15
59 1197 128 1238 hic
171 1197 253 1238 tibi
291 1197 534 1253 perfugium
574 1211 719 1251 speras
758 1197 980 1238 futurum?
1042 1197 1193 1250 Erras3
1235 1200 1282 1237 ut
1320 1197 1401 1237 huc

58 1256 277 1309 incideres,
309 1271 395 1297 non
421 1259 469 1296 ut
494 1256 563 1297 hic
589 1256 922 1310 conquiesceres,
955 1256 1021 1296 illi
1047 1258 1089 1296 te
1116 1256 1261 1297 vivum
1288 1256 1401 1296 exire

59 1315 176 1369 passi
209 1318 319 1355 sunt.
1417 1340 1471 1381 33

146 1374 207 1414 At
251 1374 312 1414 ais
358 1374 560 1414 iudicium
604 1388 694 1414 esse
738 1373 901 1414 factum
946 1376 988 1414 te
1028 1373 1185 1413 iniuria
1226 1373 1401 1414 circum·
1428 1392 1472 1422 83

60 1447 223 1473 sessum
251 1447 343 1473 esse
363 1432 603 1486 Lampsaci,
629 1432 740 1486 quod
761 1432 1041 1473 Philodamus
1069 1447 1162 1473 cum
1190 1432 1279 1472 filio
1307 1446 1402 1472 con-

7 1504 40 1528 20
61 1492 285 1532 demnatus
325 1491 393 1532 sit.
450 1491 577 1544 Quid,
616 1491 651 1531 si
684 1491 830 1543 doceo,
870 1491 907 1531 si
939 1492 1115 1544 planum
1147 1491 1257 1531 facio
1290 1492 1401 1530 teste

60 1550 232 1591 homine
271 1564 475 1603 nequam,
512 1564 660 1590 verum
699 1550 751 1589 ad
789 1550 899 1590 hanc
937 1564 1027 1590 rem
1065 1549 1212 1589 tamen
1248 1549 1401 1590 idoneo

62 1633 115 1638 —
154 1611 197 1649 te
241 1609 353 1662 ipso,
396 1608 589 1661 inquam,
633 1611 743 1648 teste
783 1608 942 1649 docebo
982 1611 1025 1648 te
1063 1608 1188 1648 huius
1228 1608 1402 1648 circum-

62 1667 264 1708 sessionis
291 1670 389 1707 tuae
417 1681 589 1708 causam
620 1669 662 1707 et
694 1667 864 1720 culpam
896 1667 941 1707 in
973 1667 1080 1707 alios
1113 1666 1401 1718 transtulisse,

60 1740 197 1779 neque
223 1727 268 1766 in
295 1740 377 1778 eos,
411 1740 518 1779 quos
544 1728 592 1766 tu
617 1725 892 1778 insimularis,
926 1739 1017 1765 esse
1045 1725 1401 1765 animadversum.

8 1785 153 1825 2516111
184 1784 294 1824 nihil
326 1787 368 1824 te
400 1784 602 1825 iudicium
634 1783 819 1824 Neronis
854 1784 1038 1824 adiuvat.
1093 1783 1261 1835 Recita,
1296 1797 1401 1836 quas

62 1843 114 1884 ad
130 1842 346 1884 Neronem
368 1842 539 1883 litteras
560 1842 690 1882 misit.
727 1842 962 1883 EPISTULA
984 1841 1209 1883 C.VERRIS
1231 1854 1292 1882 AD
1314 1842 1402 1882 NE-

61 1913 231 1943 RONEM.
276 1901 666 1942 THEMISTAGORAS
689 1913 747 1941 ET
768 1900 1036 1942 THESSALUS
1062 1925 1125 1942 -.
1164 1900 1402 1941 Themista-

63 1974 213 2015 goram
234 1962 276 2000 et
296 1959 553 2000 Thessalum
574 1960 725 2000 scribis
748 1960 955 2014 populum
979 1960 1227 2000 concitasse.
1267 1959 1401 2007 Quem

61 2019 296 2073 populum?
342 2018 423 2066 Qui
447 2021 490 2059 te
517 2019 800 2072 circumsedit,
830 2019 901 2072 qui
928 2021 970 2059 te
996 2019 1141 2059 vivum
1169 2018 1401 2059 conburere

9 2089 43 2113 30
62 2080 238 2119 conatus
279 2080 356 2118 est.
418 2076 506 2118 Ubi
542 2077 621 2118 hos
659 2078 946 2131 persequeris,
985 2077 1059 2117 ubi
1098 2091 1290 2129 accusaS,
1328 2076 1401 2116 ubi

62 2136 251 2177 defendis
291 2136 356 2176 ius
395 2150 635 2189 nomenque
673 2136 836 2190 legati?
880 2136 924 2176 in
962 2135 1206 2176 Philodami
1244 2134 1399 2175 iudicio

63 2195 173 2236 dices
200 2195 243 2236 id
270 2195 440 2236 actum}>
487 2194 599 2236 Cedo
626 2194 732 2234 mihi
759 2194 893 2248 ipsius
912 2193 1061 2234 Verris
1088 2193 1401 2243 testimonium3
1429 2200 1474 2232 84

63 2254 294 2306 videamus,
327 2253 428 2307 quid
454 2253 565 2294 idem
592 2253 673 2293 istc
699 2253 864 2293 iuratus
895 2252 1060 2293 dixerit.
1106 2253 1174 2293 AB
1207 2263 1401 2300 ACCUSAss

64 2323 184 2353 TORE
219 2323 431 2354 ROGATUS
464 2323 723 2353 RESPONDIT
756 2323 804 2352 IN
836 2323 927 2353 Hoc
959 2323 1135 2353 IUDICIO
1168 2323 1264 2352 NON
1295 2322 1402 2351 PER—

10 2381 43 2406 35
64 2382 199 2420 SEQUI
233 2382 322 2412 SIBI
354 2384 401 2412 IN
433 2382 578 2412 ANIMO
612 2382 739 2422 ESSE,
778 2382 884 2411 ALIO
918 2381 1133 2411 TEMPORE
1167 2381 1401 2419 PERSEQUI.

64 2428 173 2476 Quid
197 2429 330 2483 igitur
358 2433 401 2470 te
426 2430 547 2470 iuvat
573 2428 757 2469 Neronis
784 2428 998 2482 iudicium,
1031 2429 1133 2482 quid
1156 2428 1401 2469 Philodami

64 2488 309 2530 damnatio?
365 2488 554 2543 Legatus
582 2503 676 2529 cum
705 2501 818 2528 esses
852 2488 1172 2541 circumsessus,
1208 2501 1400 2543 cumque,
