1675 2574
472 100 572 136 CAP.
601 105 739 137 22—25
766 105 784 144 5
812 106 960 138 62-70.
1326 105 1382 146 53

47 208 248 250 magnam
272 195 372 250 vim,
398 211 602 252 magnam
627 197 939 252 necessitatem,
965 212 1168 254 magnam
1192 199 1385 254 possidet

47 252 298 308 religionem
334 257 540 309 paternus
578 258 881 310 maternusque
917 257 1110 312 sanguis3
1149 271 1199 298 ex
1231 272 1314 312 quo
1348 259 1384 299 si

48 325 131 366 qua
161 312 329 353 macula
360 316 566 368 concepta
597 316 679 368 est,
717 328 803 355 non
835 314 961 356 modo
994 315 1079 356 elui
1109 329 1196 357 non
1228 319 1385 370 potest,

46 383 191 412 verum
234 384 368 424 usque
411 385 460 413 eo
502 375 728 426 permanat
766 372 819 414 ad
857 373 1063 426 animum,
1106 377 1156 415 ut
1192 388 1384 416 summus

45 427 163 470 furor
203 430 332 483 atque
376 430 564 471 amentia
607 434 904 484 consequatur.
964 431 1111 474 Nolite
1155 433 1268 474 enim
1311 448 1385 488 pu-

45 489 154 540 tare,
205 501 330 541 quem
377 488 430 529 ad
473 488 646 529 modum
690 489 734 529 in
774 489 933 531 fabulis
978 505 1283 546 saepenumero
1327 492 1386 533 vi-

46 545 166 599 detis,
192 559 276 599 eos,
307 545 380 600 qui
406 546 568 601 aliquid
593 547 723 601 impie
750 548 1039 603 scelerateque
1066 550 1386 604 commiserunt,

46 603 203 660 agitari
228 606 271 645 et
296 604 527 658 perterreri
554 603 780 646 Furiarum
812 607 949 648 taedis
983 607 1244 650 ardentibus.
1299 607 1386 650 Sua.

46 676 253 718 quemque
295 662 414 704 fraus
456 667 500 704 et
536 677 637 705 suus
674 666 814 705 terror
852 665 1036 707 maxime
1073 669 1218 722 vexat,
1261 681 1385 716 suum

47 735 254 776 quemque
281 721 420 763 scelus
447 721 588 777 agitat
620 722 891 776 amentiaque
924 724 1080 778 adficit,
1112 740 1213 766 suae
1245 726 1386 767 malae

45 779 329 835 cogitationes
364 780 733 835 conscientiaeque
766 781 897 822 animi
929 784 1110 836 terrent3
1148 784 1254 826 haec
1285 787 1387 825 sunt

43 837 187 893 impiis
220 838 416 880 assiduae
448 839 790 893 domesticaeque
821 838 992 894 Furiae,
1029 855 1137 895 quae
1170 842 1258 884 dies
1289 857 1386 884 noc-

44 900 192 951 tesque
212 899 438 951 parentum
458 911 618 952 poenas
640 912 665 939 a
691 898 1116 941 consceleratissimis
1141 900 1243 942 filiis
1270 915 1385 956 repe-

43 957 150 997 tant.
205 954 325 998 Haec
356 955 610 1011 magnitudo
642 956 842 998 maleficii
873 956 995 1011 facit,
1032 961 1098 1011 ut,
1135 959 1219 1000 nisi
1250 974 1384 1014 paene

45 1013 321 1056 manifestum
355 1014 632 1069 parricidium
663 1014 925 1070 proferatur,
965 1016 1168 1058 credibile
1198 1032 1286 1059 non
1318 1019 1386 1072 sit,

44 1072 127 1115 nisi
152 1073 292 1127 turpis
320 1073 621 1127 adulescentia,
652 1073 737 1114 nisi
763 1074 961 1116 omnibus
993 1075 1172 1130 flagitiis
1205 1076 1295 1117 vita
1326 1077 1386 1117 in-

46 1131 238 1186 quinata,
276 1131 361 1173 nisi
399 1135 595 1186 sumptus
632 1132 753 1173 effusi
785 1147 881 1174 cum
912 1133 1071 1188 probro
1106 1136 1233 1187 atque
1267 1134 1387 1176 dede-

45 1203 158 1244 core,
187 1190 273 1230 nisi
304 1193 538 1245 praerupta
571 1191 764 1243 audacia,
794 1191 879 1232 nisi
909 1194 1034 1233 tanta
1065 1193 1306 1246 temeritas,
1338 1196 1387 1234 ut

43 1262 129 1290 non
153 1248 303 1303 procul
330 1249 563 1290 abhorreat
590 1249 643 1290 ab
669 1250 848 1291 insania.
892 1249 1082 1292 Accedat
1106 1251 1190 1293 huc
1216 1253 1387 1306 oportet

44 1307 185 1349 odium
206 1307 410 1361 parentis,
437 1307 820 1349 animadversionis
846 1311 1052 1362 paternae
1078 1312 1233 1364 metus,
1260 1310 1386 1352 amici

41 1365 241 1420 improbi,
267 1366 378 1408 servi
398 1366 568 1420 conscii,
594 1369 764 1421 tempus
790 1367 1002 1421 idoneum,
1028 1368 1147 1410 locus
1175 1371 1385 1424 oportune

43 1427 192 1479 captus
231 1424 285 1465 ad
323 1439 417 1466 eam
454 1439 562 1478 rem,
606 1440 741 1480 paene
780 1425 935 1480 dicam,
975 1441 1193 1481 respersas
1232 1442 1385 1469 manus

43 1483 251 1538 sanguine
287 1486 468 1537 paterno
506 1483 666 1525 iudices
704 1484 878 1526 videant
916 1488 1107 1540 oportet,
1146 1485 1183 1526 si
1213 1488 1385 1527 tantum

41 1540 224 1594 facinus,
267 1544 359 1583 tam
402 1542 607 1596 immane,
651 1545 740 1583 tam
786 1543 986 1585 acerbum
1030 1544 1233 1586 credituri
1274 1547 1385 1586 simt.

43 1599 181 1649 Quare
208 1600 289 1642 hoc
315 1615 398 1655 quo
425 1601 566 1642 minus
594 1603 659 1642 est
691 1601 903 1656 credibile,
934 1602 1020 1644 nisi
1050 1603 1303 1658 ostenditur,
1336 1617 1385 1645 eo

42 1661 181 1714 magis
213 1661 295 1712 est,
328 1659 365 1700 si
397 1659 681 1714 convincitur,
712 1660 1026 1702 vindicandum.

1411 443 1454 475 67

1412 968 1455 1000 68

1412 1612 1455 1643 69

128 1717 281 1772 Itaque
301 1732 397 1760 cum
417 1718 565 1760 multis
587 1732 636 1760 ex
657 1718 784 1760 rebus
804 1718 1002 1775 intellegi
1027 1722 1174 1775 potest
1199 1720 1386 1762 maiores
1402 1725 1455 1767 25

41 1778 213 1818 nostros
244 1791 332 1818 non
363 1777 489 1819 modo
523 1777 653 1818 armis
685 1778 783 1832 plus
817 1792 946 1832 quam
979 1781 1142 1820 ceteras
1174 1779 1386 1834 nationes,

42 1849 188 1877 verum
227 1836 358 1877 etiam
397 1835 575 1878 consilio
616 1836 912 1891 sapientiaque
949 1837 1161 1892 potuisse,
1204 1840 1298 1879 tum
1336 1853 1386 1879 ex

42 1893 122 1936 hac
152 1908 198 1935 re
228 1895 298 1936 vel
331 1895 528 1949 maxime,
564 1895 676 1949 quod
707 1895 751 1936 in
782 1895 939 1950 impios
972 1896 1193 1952 singulare
1225 1896 1386 1951 suppli-

44 1952 154 1994 cium
180 1953 446 1996 invenerunt.
503 1953 597 2003 Qua
621 1954 666 1994 in
691 1968 736 1995 re
767 1957 974 2008 quantum
1006 1954 1235 2010 prudentia
1266 1969 1386 2009 prae-

43 2011 233 2053 stiterint
281 2012 353 2067 iis,
403 2012 476 2067 qui
526 2012 639 2067 apud
688 2015 851 2055 ceteros
900 2013 1211 2068 sapientissimi
1252 2013 1385 2055 fuisse

44 2068 251 2125 dicuntur,
283 2071 562 2113 considerate.
607 2070 949 2114 Pruclentissima
980 2072 1132 2114 civitas
1152 2071 1385 2114 Athenien-

44 2128 170 2183 sium,
208 2129 309 2172 dum
341 2145 391 2172 ea
421 2144 564 2171 rerum
596 2130 737 2184 potita
770 2132 853 2184 est,
890 2130 1023 2172 fuisse
1054 2130 1258 2184 traditur3
1295 2131 1384 2172 eius

42 2201 169 2242 porro
206 2188 395 2231 civitatis
428 2189 796 2244 sapientissimum
828 2187 1031 2231 Solonem
1063 2189 1210 2231 dicunt
1240 2189 1385 2243 fuisse,

44 2259 138 2288 eum
164 2247 236 2301 qui
267 2247 398 2303 leges,
431 2245 588 2302 quibus*
617 2247 743 2289 hodie
776 2262 944 2303 quoque
975 2250 1167 2302 utuntur,
1200 2248 1383 2304 scripsit.

42 2302 85 2345 Is
127 2319 222 2347 cum
263 2306 627 2362 interrogaretur,
670 2321 744 2349 cur
786 2307 955 2349 nullum
994 2307 1252 2363 supplicium
1290 2321 1384 2349 con-

1412 2074 1455 2106 70
