1685 2574
176 277 228 317 18

179 989 218 1019 57

180 1575 222 1606 58

182 1986 222 2017 239

232 2038 293 2091 *et
315 2035 474 2076 diutius
501 2035 544 2075 in
570 2037 692 2075 tanto
722 2038 836 2075 metu
864 2035 993 2075 miser
1017 2033 1291 2088 periculoque
1317 2035 1589 2076 versabitur?

247 66 298 104 13
604 63 697 97 PRO
725 63 762 97 P.
785 61 1013 103 QUINCTIO
1040 61 1230 96 ORATIO.

243 161 454 201 bonorum
487 159 686 199 instituto
719 158 880 208 vivere,
912 157 1050 198 multa
1082 160 1255 211 oportet
1288 157 1424 198 discat
1456 159 1584 211 atque

245 219 450 270 dediscat,
484 232 665 271 quorum
696 216 762 256 illi
795 217 928 256 aetati
961 219 1188 269 utrumque
1221 215 1392 256 difficile
1427 218 1502 256 cst.

334 276 447 318 ‘Non
481 274 701 327 dubitavi',
734 274 887 328 inquit,
919 273 1029 315 ‘cum
1051 274 1342 315 vadimonium
1370 274 1584 315 desertum

245 338 374 388 esset,
416 336 528 375 bona
566 332 859 387 prom-ibere?
920 332 1142 387 Improbe,
1180 347 1343 386 verum,
1383 332 1584 386 quoniam

244 397 290 435 tu
330 394 372 434 id
412 394 490 433 tibi
533 405 711 446 arrogas
751 394 793 432 et
831 391 1001 432 concedi
1040 391 1255 445 postulas,
1293 391 1618 432 concedamus.5

245 452 366 506 Quid,
400 452 433 492 si
460 465 695 504 numquam
729 449 929 502 deseruit,
962 449 996 490 si
1030 450 1115 490 ista
1148 464 1275 491 causa
1307 450 1383 491 abs
1417 453 1458 490 te
1491 453 1586 491 tota

245 526 320 565 per
359 525 570 550 summam
608 508 801 549 fraudem
843 511 884 549 et
918 509 1130 549 malitiam
1162 509 1261 549 ficta
1294 511 1370 561 est,
1404 509 1439 549 si
1472 508 1585 549 vadi-

246 570 434 610 monium
463 568 636 608 omnino
663 568 742 608 tibi
771 582 865 608 cum
887 567 930 608 P.
949 566 1146 615 Quinctio
1173 567 1338 607 nullum
1365 566 1471 608 fuit‘?
1503 581 1584 621 quo

245 631 287 668 te
314 627 485 668 nomine
516 626 810 680 appellemus?
843 625 1123 680 Improbum?
1156 625 1216 666 At
1248 625 1418 666 etiamsi
1450 625 1586 666 deser-

244 689 337 727 tum
370 685 661 726 vadimonium
689 687 818 736 esset,
851 687 994 725 tamen
1026 684 1070 724 in
1102 684 1187 725 ista
1219 684 1512 738 postulatione
1545 687 1586 725 et
1606 696 1636 722 1⁰
1668 713 1670 718 1

246 744 558 799 proscriptione
576 740 783 784 bonorum
799 743 1144 797 improbissimus
1160 743 1438 797 reperiebare.
1466 742 1587 784 Mali-

246 804 434 844 tiosum‘?
474 802 571 844 Non
610 817 754 857 negas.
811 801 1178 843 Fraudulentum'?
1217 801 1309 842 Iam
1341 801 1382 842 id
1417 801 1587 855 quidem

247 876 424 916 arrogas
452 861 532 901 tibi
560 863 601 901 et
627 861 895 915 praeclarum
923 863 1060 914 putas.
1112 859 1341 912 Audacem,
1374 860 1587 914 cupidum,

246 919 551 975 perfidiosum‘.>
572 918 783 971 Vulgaria
805 922 846 960 et
868 919 1064 960 obsoleta
1085 922 1202 970 sunt3
1222 933 1289 959 res
1312 921 1455 959 autem
1475 933 1587 960 nova

247 983 374 1032 atque
402 978 603 1020 inaudita.
657 977 764 1025 Quid
796 992 896 1032 ergo
930 978 1023 1018 est?
1056 976 1219 1018 Vereor
1251 977 1504 1031 mehercule,
1535 992 1586 1019 ne
1607 989 1636 1015 15

247 1037 631 1092 aut-gravioribus
671 1040 768 1077 utar
806 1036 966 1088 verbis,
1012 1051 1139 1089 quam
1178 1038 1333 1077 natura
1370 1035 1472 1089 fert,
1515 1039 1587 1077 aut

246 1097 492 1150 levioribus,
520 1110 647 1149 quam
675 1110 802 1136 causa
828 1095 1033 1149 postulat.
1072 1095 1149 1135 Ais
1177 1109 1269 1135 esse
1295 1095 1587 1136 vadimonium

248 1155 474 1196 desertum.
537 1154 758 1203 Quaesivit
797 1169 821 1194 a
860 1156 919 1206 te,
958 1154 1106 1194 statim
1146 1157 1193 1194 ut
1228 1153 1411 1194 Romam
1450 1154 1588 1206 rediit,

248 1213 489 1265 Quinctius,
529 1228 610 1267 quo
645 1212 710 1254 die
743 1213 1035 1253 vadimonium
1067 1213 1178 1253 istuc
1210 1212 1372 1254 factum
1406 1227 1497 1253 esse
1531 1212 1587 1253 di·
1682 1257 1683 1264 χ

248 1287 375 1314 ceres.
432 1272 708 1326 Respondisti
740 1272 904 1312 statim:
938 1270 1074 1312 Nonis
1102 1270 1223 1312 Febr.
1278 1271 1511 1312 Discedens
1544 1271 1588 1312 in
1606 1283 1637 1309 20
1682 1285 1685 1308 f

249 1331 500 1372 memoriam
528 1331 638 1371 redit
664 1330 905 1381 Quinctius,
939 1343 1021 1384 quo
1055 1330 1121 1370 die
1153 1329 1292 1370 Roma
1324 1330 1368 1370 in
1400 1329 1588 1371 Galliam

248 1390 464 1445 profectus
487 1389 560 1443 sit3
581 1389 632 1430 ad
655 1388 968 1443 ephemeridem
989 1388 1239 1440 revertitur,
1266 1388 1479 1429 invenitur
1501 1389 1588 1430 dies

248 1448 527 1503 15u·‹)fectionis
566 1448 701 1502 pridie
735 1447 830 1487 Kal.
863 1446 985 1488 Febr.
1040 1445 1177 1488 Nonis
1210 1446 1333 1489 Febr.
1360 1447 1393 1487 si
1428 1447 1589 1489 Romae

247 1507 347 1559 fuit,
381 1521 532 1548 causae
560 1507 667 1546 nihil
697 1506 893 1559 dicimus,
927 1505 1028 1559 quin
1060 1506 1140 1546 tibi
1173 1505 1463 1546 vadimonium
1496 1521 1590 1561 pro-

250 1566 428 1607 miserit.
473 1564 612 1613 Quid?
646 1565 725 1606 hoc
751 1564 933 1605 inveniri
961 1565 1032 1618 qui
1058 1565 1230 1618 potest?
1275 1564 1498 1606 Profectus
1525 1568 1589 1606 est
1607 1575 1638 1602 25
1679 1585 1685 1608 1,

249 1640 333 1666 una
359 1624 586 1677 L.'Albius,
618 1623 747 1664 homo
775 1638 870 1664 cum
897 1623 1046 1677 primis
1072 1623 1297 1676 honestus3
1330 1623 1440 1664 dicet
1471 1624 1589 1664 testi-

249 1684 452 1724 monium.
492 1682 713 1723 Prosecuti
735 1685 834 1722 sunt
854 1681 1088 1722 familiares
1110 1684 1151 1722 et
1168 1682 1343 1722 Albium
1371 1685 1413 1722 et
1440 1681 1590 1730 Quinc-

250 1743 375 1794 tium3
427 1741 568 1782 dicent
618 1741 662 1781 hi
714 1755 881 1794 quoque
930 1740 1237 1781 testimonium.
1311 1740 1501 1782 Litterae
1545 1741 1589 1782 P.
1665 1693 1669 1796 1

250 1799 438 1853 Quincti,
478 1802 609 1840 testes
649 1801 732 1852 tot,
772 1799 925 1852 quibus
962 1799 1159 1840 omnibus
1193 1813 1320 1840 causa
1352 1800 1590 1841 iustissima

251 1863 333 1912 est,
371 1874 444 1900 cur
480 1858 586 1899 scire
619 1858 855 1912 potuerint,
893 1858 1031 1911 nulla,
1069 1872 1143 1899 cur
1175 1858 1456 1912 mentiantur,
1495 1870 1638 1901 01111130
1682 1898 1683 1901 ,

250 1918 564 1972 adstipulatore
591 1919 665 1958 tuo
698 1917 1073 1970 comparabuntur.

338 1977 395 2017 Et
427 1977 471 2016 in
503 1976 583 2017 hac
616 1975 705 2016 eius
739 1976 853 2016 modi
886 1990 1014 2016 causa
1045 1975 1089 2016 P.
1116 1974 1339 2023 Quinctius
1372 1976 1590 2017 laborabit

252 2097 293 2136 et
314 2094 608 2135 vehementius
630 2108 724 2134 eum
748 2093 889 2147 gratia
910 2093 1143 2134 adversarii
1164 2093 1433 2147 perterrebit,
1462 2109 1589 2148 quam

251 2153 354 2194 fides
388 2153 538 2194 iudicis
572 2152 893 2194 consolabitur?
934 2151 1053 2193 Vixit
1086 2152 1196 2192 enim
1231 2165 1398 2206 semper
1430 2152 1636 2194 inculte³5

253 2216 380 2264 atque
408 2212 598 2266 horride,
629 2214 785 2252 natura
812 2210 927 2251 tristi
961 2225 1008 2252 ac
1040 2210 1257 2251 recondita
1288 2210 1388 2264 fuit,
1420 2226 1506 2252 non
1538 2211 1590 2253 ad

253 2271 471 2325 solarium,
497 2285 583 2312 non
610 2271 654 2311 in
681 2285 843 2324 campo,
872 2284 957 2311 non
983 2269 1027 2310 in
1053 2269 1258 2311 conviviis
1286 2273 1479 2311 versatus
1509 2273 1589 2321 θεῖς

1658 2206 1663 2340 l

1658 2362 1661 2416 l

1613 2421 1676 2574 l
