1618 2584
444 233 532 268 ΜΒ.
559 233 592 267 V
631 232 729 268 CAP.
757 237 812 277 21,
838 237 882 268 22
909 237 927 275 g
954 237 1103 267 52—57.
1346 234 1433 274 449

97 330 226 382 atque
252 328 511 369 comitatus?
561 328 629 370 En
659 328 878 370 foederum
910 329 1181 382 interpretes,
1214 329 1432 370 societatis

96 389 310 440 pactores,
360 387 584 441 religionis
628 388 842 429 auctores!
910 386 1157 441 Numquam
1200 386 1244 427 in
1289 385 1434 428 Sicilia

95 444 359 486 frumentum
385 446 554 499 publice
587 448 652 486 est
685 449 888 500 emptum,
922 445 1023 500 quin
1054 445 1322 486 Mamertinis
1355 460 1433 500 pro

96 503 294 557 portione
332 504 634 558 imperaretur,
679 506 909 557 antequam
947 504 1029 546 hoc
1068 504 1278 545 delectum
1316 518 1435 558 prae-

61 562 345 616 5clarumque
391 563 617 604 consilium
655 562 737 604 iste
777 563 910 616 dedit,
952 565 1001 604 ut
1039 563 1092 604 ab
1130 563 1198 603 his
1235 577 1434 603 nummos

97 620 308 674 acciperet
346 635 394 662 ac
432 621 497 662 sui
536 620 688 661 similis
725 624 849 662 esset.
911 620 1063 675 Itaque
1094 624 1265 662 tantum
1297 621 1435 662 valuit

95 679 220 720 istius
248 679 406 720 decreti
432 680 679 733 auctoritas,
713 682 919 733 quantum
948 680 1094 720 debuit
1120 680 1209 721 eius
1236 680 1436 733 hominis,

98 737 188 791 qui,
226 752 251 778 a
283 738 436 791 quibus
468 738 732 779 frumentum
765 752 903 779 emere
937 738 1171 792 debuisset,
1208 738 1260 779 iis
1295 738 1436 780 decre—

96 798 189 836 tum
215 796 489 837 vendidisset.
542 795 655 837 Nam
688 796 836 837 statim
863 796 908 837 L.
929 796 1129 837 Metellus
1160 799 1209 837 ut
1240 797 1314 837 isti
1346 811 1436 838 suc-

45 866 77 891 10
97 854 243 907 cessit,
282 869 331 895 ex
365 854 408 895 C.
437 853 679 896 Sacerdotis
718 857 760 895 et
793 869 842 896 ex
875 854 967 896 Sex.
993 855 1200 896 Peducaei
1232 855 1435 896 instituto

1460 337 1504 368 55

97 927 145 954 ac
191 912 348 953 litteris
393 913 657 954 frumentum
700 912 970 954 Mamertinis
1014 913 1256 967 imperavit.
1325 913 1434 954 Tum
1450 898 1506 982 ἒξ

95 971 161 1012 illi
181 971 486 1012 intellexerunt
507 986 550 1013 se
570 972 624 1025 id,
652 972 764 1025 quod
785 987 809 1013 a
835 973 950 1013 malo
977 975 1151 1013 auctore
1177 972 1394 1025 emissent,

97 1030 256 1070 diutius
282 1031 475 1084 optinere
501 1045 586 1071 non
618 1045 755 1085 posse.
809 1031 904 1085 Age
936 1045 1076 1085 porro,
1108 1033 1168 1085 tu,
1201 1030 1273 1084 qui
1304 1033 1395 1071 tam
1417 1017 1503 1062 (22)

96 1088 347 1143 religiosum
364 1089 601 1130 existimari
617 1092 659 1129 te
677 1089 854 1130 voluisti
870 1090 1150 1143 interpretem
1168 1089 1400 1142 foederum,

45 1158 77 1184 15
98 1162 171 1189 cur
192 1147 566 1188 Tauromenitanis
586 1147 863 1202 frumentum,
890 1162 963 1189 cur
985 1147 1155 1189 Netinis
1182 1147 1435 1202 imperasti?

96 1221 277 1260 quarum
315 1206 538 1247 civitatum
576 1209 757 1260 utraque
796 1206 1017 1248 foederata
1055 1209 1130 1247 est.
1193 1206 1257 1247 Ac
1288 1206 1437 1247 Netini

96 1264 266 1318 quidem
317 1265 398 1305 sibi
447 1279 533 1306 non
583 1264 808 1305 defuerunt
852 1280 916 1318 ac,
967 1265 1094 1306 simul
1144 1265 1437 1319 pronuntiasti

95 1324 280 1364 libenter
300 1326 342 1364 te
362 1322 632 1364 Mamertinis
652 1323 883 1377 remittere,
909 1326 951 1364 te
974 1323 1169 1364 adierunt
1190 1325 1232 1364 et
1259 1323 1435 1364 eandem

97 1396 218 1423 suam
258 1396 430 1423 causam
467 1381 652 1423 foederis
685 1396 776 1423 esse
811 1382 1056 1423 docuerunt.
1113 1381 1178 1422 Tu
1211 1381 1338 1423 aliter
1371 1382 1436 1423 de-

44 1453 77 1477 20
97 1455 267 1482 cernere
300 1441 447 1481 eadem
477 1440 522 1481 in
554 1455 682 1481 causa
713 1455 798 1482 non
829 1440 1029 1495 potuisti,
1067 1441 1322 1495 pronuntias
1354 1440 1437 1481 Ne-

95 1500 210 1540 tinos
253 1498 517 1540 frumentum
560 1499 659 1540 dare
696 1514 782 1540 non
821 1500 972 1540 debere
1012 1501 1054 1540 et
1092 1499 1146 1539 ab
1184 1499 1252 1540 his
1290 1502 1437 1540 tamen

97 1557 245 1612 exigis.
295 1556 408 1599 Cedo
436 1557 542 1598 mihi
569 1557 756 1598 eiusdem
783 1558 995 1612 praetoris
1022 1557 1191 1598 litteras
1219 1560 1262 1598 et
1293 1572 1436 1598 rerum

97 1616 362 1657 decretarum
405 1619 447 1657 et
488 1616 693 1657 frumenti
730 1616 942 1670 imperati.
1003 1615 1240 1657 LITTERAE
1278 1628 1437 1657 RERUM

96 1686 419 1716 DECRETARUM.
471 1674 579 1722 Quid
605 1676 749 1729 potius
778 1676 823 1716 in
854 1675 934 1716 hac
965 1677 1090 1716 tanta
1121 1677 1164 1715 et
1195 1676 1285 1715 tam
1317 1674 1436 1729 turpi

43 1745 76 1770 25
95 1734 387 1775 inconstantia
431 1733 640 1787 suspicari
682 1748 931 1788 possumus,
979 1733 1157 1786 iudices,
1208 1748 1336 1787 quam
1381 1734 1435 1786 id,

98 1792 211 1847 quod
247 1806 420 1833 necesse
459 1794 541 1845 est,
581 1795 655 1833 aut
692 1792 767 1833 isti
799 1807 824 1833 a
854 1791 1025 1833 Netinis
1057 1791 1301 1846 pecuniam,
1340 1807 1435 1833 cum

95 1853 308 1906 posceret,
344 1865 432 1892 non
470 1850 632 1904 datam,
671 1853 746 1891 aut
782 1850 826 1891 id
864 1865 956 1891 esse
992 1853 1153 1904 actum,
1190 1853 1239 1891 ut
1269 1850 1436 1891 intelle-

98 1912 249 1964 gerent
290 1909 539 1950 Mamertini
585 1909 691 1950 bene
740 1924 784 1950 se
831 1909 944 1964 apud
986 1909 1118 1950 istum
1163 1911 1253 1949 tam
1297 1909 1436 1950 multa

97 1968 236 2023 pretia
275 1983 323 2009 ac
356 1983 533 2009 munera
566 1968 828 2022 conlocasse,
867 1983 963 2009 cum
995 1968 1108 2009 idem
1140 1967 1215 2009 alii
1247 1967 1352 2008 iuris
1384 1982 1436 2008 ex

43 2037 77 2064 80
98 2027 245 2068 eadem
278 2041 406 2068 causa
436 2041 523 2067 non
556 2027 828 2068 obtinerent?

185 2085 267 2126 Hic
293 2085 399 2126 mihi
426 2085 556 2126 etiam
587 2085 760 2126 audebit
792 2085 1053 2126 mentionem
1084 2084 1225 2126 facere
1251 2084 1435 2125 Mamer-

96 2144 212 2186 tinae
252 2143 532 2185 laudationis!
573 2144 617 2184 in
657 2159 739 2197 qua
778 2159 905 2198 quam
945 2144 1084 2185 multa
1123 2143 1209 2184 sint
1246 2144 1435 2197 volnera,

98 2203 191 2257 quis
231 2205 296 2244 est
333 2205 542 2255 vestrum,
579 2202 757 2255 iudices,
795 2203 897 2256 quin
929 2202 1186 2256 intellegat?
1242 2201 1435 2242 Primum

98 2263 179 2313 [ut]
207 2261 252 2302 in
276 2261 442 2302 iudiciis
470 2261 542 2315 qui
575 2260 718 2302 decem
750 2261 996 2302 laudatores
1029 2261 1129 2302 dare
1160 2275 1247 2302 non
1278 2263 1435 2315 potest,

42 2332 77 2358 35
96 2320 318 2361 honestius
346 2323 410 2361 est
437 2320 475 2361 ei
499 2320 667 2361 nullum
694 2320 793 2361 dare
822 2335 949 2374 quam
983 2319 1107 2360 illum
1140 2319 1263 2373 quasi
1296 2319 1436 2374 legiti-

97 2393 214 2420 mum
257 2393 482 2419 numerum
527 2379 844 2420 consuetudinis
889 2393 975 2420 non
1020 2378 1201 2433 explere.
1270 2376 1354 2419 Tot
1391 2377 1437 2418 in

97 2436 243 2479 Sicilia
280 2438 476 2479 civitates
516 2440 633 2491 sunt,
673 2437 827 2491 quibus
864 2439 912 2478 tu
943 2451 1020 2492 per
1050 2436 1285 2477 triennium
1315 2451 1435 2491 prae-

166 2512 236 2538 οπο.
255 2512 297 2538 Π.
317 2514 340 2538 1.
1107 2509 1152 2539 29

1421 1067 1496 1108 (56)
