1618 2584
126 229 212 269 486
395 247 401 251 ·
525 228 574 262 ΙΝ
603 228 638 262 O.
661 227 865 263 VERREM
892 228 996 262 ACT.
1024 227 1067 262 Π.

127 324 384 379 produxero,
424 324 494 377 qui
533 338 632 364 suos
670 324 850 364 libertos
885 324 960 364 abs
994 326 1037 364 te
1070 324 1206 365 securi
1239 339 1463 377 percussos

128 397 219 424 esse
247 382 370 435 dicat,
404 382 475 435 qui
502 382 578 422 abs
605 384 647 422 te
673 397 826 422 navem
853 397 974 423 suam
1008 396 1253 436 mercesque
1285 386 1464 436 repetat,

127 441 326 494 refellite,
354 441 389 481 si
409 440 588 494 poteris3
616 455 756 480 meum
777 443 933 481 testem
961 441 1166 493 deseram,
1192 440 1273 481 tibi
1299 441 1464 494 favebo,

127 503 186 552 te,
230 500 422 553 inquam,
468 499 697 542 adiuvabo:
742 499 956 540 ostendito
1000 499 1099 540 illos
1138 514 1233 540 cum
1273 497 1463 540 Sertorio

127 559 275 612 fuisse,
314 559 366 598 ab
404 557 559 597 Dianio
599 557 803 612 fugientis
841 558 894 598 ad
927 556 1116 598 Siciliam
1156 571 1248 597 esse
1287 557 1499 598 delatos.5

128 617 247 657 Nihil
296 619 377 669 est,
429 615 541 668 quod
585 618 627 656 te
674 616 846 656 mallem
891 616 1090 669 probare3
1141 616 1307 656 nullum
1352 616 1465 656 enim

128 676 309 728 facinus,
356 674 468 728 quod
506 674 667 714 maiore
706 674 916 727 supplicio
957 674 1133 728 dignum
1173 673 1246 726 sit,
1287 674 1465 727 reperiri

60 744 124 774 155
151 747 287 787 neque
313 732 498 786 proferri
524 734 678 784 potest.
734 732 950 773 Reducam
982 732 1137 772 iterum
1171 731 1357 784 equitem
1384 731 1467 772 Ro-

129 806 315 844 manum,
346 791 390 831 L.
417 790 627 843 Flavium,
659 790 695 830 si
721 791 862 844 voles,
885 790 1085 844 quoniam
1113 789 1255 843 priore
1288 790 1465 842 actione,

128 854 176 892 ut
212 850 384 905 patroni
422 849 485 890 tui
525 849 742 902 dictitant,
779 863 892 889 nova
931 848 1379 902 quadamsapientia,
1418 851 1466 889 ut
1488 859 1519 884 10

130 923 276 950 omnes
314 908 593 963 intellegunt,
631 907 891 948 conscientia
929 910 1004 947 tua
1043 910 1170 960 atque
1210 907 1466 948 auctoritate

130 983 321 1009 meorum
364 967 540 1008 testium
582 969 738 1007 testem
775 966 942 1006 nullum
980 965 1272 1019 interrogasti.
1334 964 1467 1006 Inter-

128 1030 306 1082 rogetur
332 1026 520 1077 Flavius,
553 1025 589 1066 si
621 1025 751 1078 voles,
785 1025 959 1078 quinam
991 1024 1121 1064 fuerit
1148 1023 1192 1063 L.
1214 1022 1467 1077 Herennius,

128 1086 165 1126 is
193 1100 318 1139 quem
348 1084 421 1125 ille
455 1084 747 1139 argentariam
774 1083 900 1137 Lepti
932 1083 1082 1123 fecisse
1116 1082 1234 1135 dicit3
1267 1082 1339 1135 qui
1372 1097 1467 1123 cum

130 1144 314 1198 amplius
354 1145 523 1184 centum
562 1142 666 1183 civis
699 1142 916 1183 Romanos
954 1141 1133 1182 liaberet
1171 1155 1221 1181 ex
1256 1144 1468 1182 conventu
1489 1152 1520 1176 15

129 1201 418 1256 Syracusano,
464 1201 536 1255 qui
581 1216 676 1241 eum
720 1216 807 1241 non
846 1200 984 1241 solum
1025 1202 1349 1254 cognoscerent,
1395 1200 1467 1240 sed

129 1262 258 1302 etiam
280 1261 556 1301 lacrimantes
578 1274 625 1300 ac
649 1262 691 1300 te
717 1259 983 1313 inplorantes
1011 1258 1296 1310 defenderent,
1322 1261 1468 1299 tamen

128 1319 471 1374 inspectantibus
513 1318 711 1359 omnibus
750 1316 1028 1371 Syracusanis
1068 1317 1203 1357 securi
1241 1331 1467 1370 percussus

129 1382 206 1419 est.
279 1377 404 1418 Hunc
454 1391 621 1430 quoque
672 1379 826 1417 testem
877 1390 1016 1416 meum
1068 1375 1207 1415 refelli
1258 1377 1300 1415 et
1342 1376 1465 1416 illum

128 1436 393 1478 Herennium
428 1435 721 1476 Sertorianum
758 1434 890 1475 fuisse
924 1435 999 1474 abs
1032 1436 1074 1474 te
1108 1434 1393 1474 demonstrari
1426 1436 1468 1474 et
1489 1443 1521 1468 20

129 1495 305 1550 probari
337 1494 448 1535 volo.

220 1553 329 1601 Quid
357 1553 406 1593 de
432 1552 510 1593 illa
535 1522 809 1593 multitudine
843 1551 1030 1592 dicemus
1063 1565 1221 1603 eorum,
1255 1550 1327 1603 qui
1360 1551 1468 1603 capi-

130 1613 246 1654 tibus
282 1612 488 1653 involutis
521 1611 565 1651 in
597 1611 834 1665 piratarum
868 1610 1133 1664 captivorum
1165 1623 1342 1650 numero
1375 1623 1469 1662 pr-o

130 1672 410 1724 ducebantur,
460 1672 508 1710 ut
557 1669 693 1710 securi
738 1668 995 1709 terirentur?
1070 1666 1186 1715 Quae
1230 1667 1315 1707 ista
1357 1682 1469 1708 nova

130 1730 367 1784 diligentia,
401 1743 529 1782 quam
557 1729 610 1769 ob
644 1742 816 1769 causam
849 1728 925 1767 abs
958 1729 1000 1767 te
1033 1726 1307 1781 excogitata?
1340 1740 1395 1766 an
1426 1729 1468 1766 te
1489 1736 1521 1761 2⁵

129 1789 175 1829 L.
196 1788 319 1829 Flavi
345 1790 668 1840 ceterorumque
697 1786 746 1826 de
772 1785 816 1826 L.
839 1785 1053 1826 Herennio
1082 1784 1331 1825 vociferatio
1359 1798 1469 1825 com-

130 1847 361 1889 movebat?
402 1860 455 1886 an
487 1846 542 1886 M.
569 1845 702 1897 Anni,
736 1844 980 1899 gravissimi
1013 1846 1141 1896 atque
1173 1842 1469 1883 honestissimi

129 1905 226 1959 viri,
272 1919 439 1945 summa
483 1904 718 1945 auctoritas
757 1903 885 1956 paulo
925 1901 1243 1956 diligentiorem
1280 1901 1469 1941 timidio—

128 1978 303 2017 remque
347 1962 536 2003 fecerat?
583 1962 655 2015 qui
698 1975 833 2014 nuper
874 1974 951 2014 pro
990 1959 1240 2000 testimonio
1277 1973 1363 2000 non
1401 1959 1469 1999 ad-

129 2037 282 2064 venam
315 2021 457 2062 nescio
492 2035 617 2074 quem
649 2034 726 2061 nec
758 2020 957 2072 alienum,
990 2018 1063 2058 sed
1096 2032 1191 2058 eum
1225 2017 1359 2058 civem
1389 2017 1470 2058 Ro·
1490 2029 1523 2054 30

131 2096 322 2133 manum,
373 2079 445 2133 qui
480 2079 691 2119 omnibus
735 2078 780 2118 in
824 2077 900 2118 illo
946 2078 1158 2117 conventu
1200 2078 1347 2129 notus,
1398 2075 1470 2129 qui

130 2114 350 2193 Syracusis
390 2140 517 2178 natus
557 2139 687 2190 esset,
727 2137 803 2177 abs
842 2139 883 2176 te
923 2135 1059 2176 securi
1097 2148 1346 2188 percussum
1379 2148 1470 2174 esse

63 2208 123 2239 157
154 2199 270 2239 dixit.
332 2197 438 2238 Post
475 2196 586 2237 lianc
617 2196 790 2236 1110111111
823 2194 1192 2259 vociferationem,
1229 2194 1328 2257 post
1359 2192 1470 2234 hanc

130 2270 398 2298 communem
432 2255 592 2295 famam
627 2257 755 2307 atque
788 2253 1099 2307 querimoniam
1131 2265 1217 2292 non
1249 2250 1395 2291 mitior
1426 2251 1471 2291 in

131 2315 357 2370 supplicio,
406 2314 478 2354 sed
523 2312 772 2368 diligentior
816 2326 907 2352 esse
953 2311 1109 2364 coepit3
1154 2309 1378 2363 capitibus
1411 2309 1471 2349 in·
1490 2319 1521 2345 3⁵

132 2374 311 2415 volutis
330 2373 433 2414 civis
467 2372 685 2413 Romanos
725 2371 777 2411 ad
815 2384 961 2411 necem
999 2369 1230 2423 producere
1262 2365 1470 2420 instituit,

132 2447 236 2486 quos
269 2435 415 2472 tamen
446 2431 604 2472 idcirco
637 2444 723 2470 nec
718 2430 820 2470 rbat
852 2429 1016 2483 palam,
1055 2426 1168 2481 quod
1200 2426 1395 2467 homines
1428 2426 1471 2466 in

63 1588 126 1618 156
