1618 2584
346 283 432 318 Llss.
462 285 493 319 H
552 283 650 318 CAP.
680 288 816 319 14—16
843 287 862 325 ξ
889 288 1037 319 36-41,
1271 284 1356 324 213

25 380 241 421 advocatis
280 379 368 420 adit
407 382 449 420 et
486 380 697 434 postulat,
740 382 788 420 ut
827 379 907 420 sibi
946 394 1040 420 cum
1078 379 1356 433 palaestritis,

24 440 103 480 hoc
128 441 193 479 est
219 453 314 479 cum
339 439 498 492 populo
526 436 804 492 Syracusano,
837 453 970 492 aequo
996 438 1086 479 iure
1119 438 1356 492 disceptare

23 498 161 539 licea-t.
223 497 471 538 Adversarii
510 498 749 551 postulant,
787 500 834 538 ut
872 497 915 537 in
949 512 1042 538 eam
1074 512 1164 537 rem
1196 498 1355 538 iudices

24 557 175 597 dentur
195 570 244 597 ex
264 556 316 597 iis
345 556 604 609 Civitatibus,
631 571 737 610 quae
763 556 807 596 in
832 555 875 596 id
900 556 1041 597 forum
1069 556 1355 607 convenirent,

0 615 164 668 ·electi,
214 615 286 669 qui
329 614 454 655 Verri
503 615 764 667 viderentur,
815 614 1040 655 Heraclius
1092 618 1258 669 contra,
1308 618 1356 655 ut

21 674 179 715 iudices
212 688 233 714 e
266 674 360 729 lege
392 673 565 727 Rupilia
604 674 772 726 dentur,
810 688 861 713 ne
901 674 954 714 ab
986 674 1199 714 institutis
1234 688 1356 727 supe-

22 733 195 786 riorum,
228 733 281 773 ab
309 733 565 774 auctoritate
593 736 777 785 senatus,
811 733 864 772 ab
897 732 987 773 iure
1020 733 1211 774 omnium
1244 732 1355 774 Sicu-

23 792 161 833 lorum
205 791 438 832 recedatur.
508 791 619 839 Quid
663 805 742 845 ego
786 790 912 831 istius
956 791 1000 831 in
1043 791 1133 832 iure
1177 770 1426 853 (116111111013ἓι

22 850 242 891 libidinem
281 852 322 890 et
362 850 521 891 scelera
559 849 876 891 demonstrem?
922 850 1016 903 quis
1048 853 1240 891 vestrum
1272 865 1358 892 non

0 910 65 949 *in
96 909 261 949 urbana
292 908 397 949 iuris
431 908 613 949 dictione
646 908 876 963 cognovit?
910 909 1003 962 quis
1035 924 1240 962 umquam
1271 910 1356 950 isto

21 970 218 1021 praetore
257 966 489 1008 Chelidone
534 967 670 1008 invita
714 968 808 1022 lege
854 981 980 1022 agere
1019 968 1190 1021 potuit?
1259 968 1357 1009 Non

20 1027 163 1078 istum,
196 1029 243 1066 ut
269 1041 355 1067 non
379 1026 603 1080 neminem,
636 1026 856 1080 provincia
886 1027 1088 1080 corrupit,
1120 1027 1232 1067 idem
1263 1027 1357 1080 fuit,

22 1086 93 1139 qui
124 1086 298 1126 Romae.
361 1084 468 1126 Cum
506 1085 565 1138 id,
605 1086 717 1139 quod
757 1099 904 1125 omnes
936 1085 1266 1140 intellegebant,
1299 1086 1358 1126 di-

22 1147 135 1186 ceret
167 1144 404 1197 Heraclius,
437 1146 600 1186 certum
632 1144 697 1185 ius
731 1158 821 1185 esse
855 1142 1008 1185 Siculis
1040 1145 1153 1184 inter
1186 1159 1241 1198 se,
1275 1160 1357 1198 quo

0 1204 111 1244 *iure
139 1206 364 1256 certarent,
391 1204 530 1258 legem
558 1217 649 1243 esse
675 1202 906 1257 Rupiliam,
940 1218 1067 1257 quam
1093 1203 1138 1243 P.
1160 1203 1356 1258 Rupilius

22 1262 169 1304 consul
209 1262 257 1302 de
297 1262 439 1303 decem
478 1263 720 1316 legatorum
760 1262 972 1302 sententia
1008 1262 1211 1316 dedisset3
1249 1263 1358 1303 lianc

22 1336 167 1362 omnes
214 1335 380 1376 semper
423 1321 468 1362 in
506 1319 651 1361 Sicilia
695 1321 889 1362 eonsules
933 1323 1237 1375 praetoresque
1276 1335 1358 1362 ser-

21 1394 160 1421 vasse:
198 1380 374 1434 negavit
413 1394 456 1421 se
493 1379 652 1421 iudices
698 1395 719 1421 e
751 1380 845 1434 lege
880 1380 1054 1433 Rupilia
1093 1381 1358 1433 sortiturum,

24 1439 208 1492 quinque
257 1438 433 1491 iudices,
485 1453 590 1493 quos
639 1439 723 1493 ipsi
767 1439 1036 1480 commodum
1080 1438 1181 1493 fuit,
1232 1439 1358 1480 dedit.

0 1497 133 1545 >Quid
176 1497 257 1538 hoc
301 1497 474 1538 homine
517 1498 679 1538 facias?
726 1498 838 1551 quod
882 1498 1139 1552 supplicium
1181 1498 1357 1553 dignum
1384 1505 1427 1536 40

22 1556 198 1597 libidine
236 1556 324 1596 eius
362 1556 583 1597 invenias‘.>
640 1556 958 1610 Praescriptum
992 1557 1073 1597 tibi
1105 1572 1200 1598 cum
1233 1561 1357 1610 esset,

21 1615 150 1656 homo
184 1614 410 1655 deterrime
443 1618 485 1655 et
516 1615 901 1669 impudentissime,
941 1630 1065 1669 quem
1100 1616 1152 1656 ad
1183 1616 1357 1656 modum

22 1674 180 1715 iudices
224 1674 336 1714 inter
375 1672 539 1715 Siculos
580 1674 718 1727 dares,
763 1689 858 1715 cum
895 1674 1169 1728 imperatoris
1207 1675 1358 1729 populi

22 1732 205 1774 Romani
250 1732 501 1785 auctoritas,
546 1733 788 1787 legatorum
823 1745 871 1786 x,
916 1748 1179 1774 summorum
1223 1733 1358 1774 homi-

0 1806 139 1845 rnum,
174 1791 380 1846 dignitas,
413 1794 586 1831 senatus
624 1792 867 1832 consultum
902 1792 1198 1845 intercederet,
1239 1792 1356 1833 cuius

22 1850 217 1891 consulto
254 1849 300 1891 P.
333 1849 531 1904 Rupilius
571 1850 619 1890 de
652 1862 683 1891 X
718 1851 962 1905 legatorum
996 1851 1207 1891 sententia
1239 1851 1357 1906 leges

21 1909 65 1949 in
112 1907 258 1950 Sicilia
307 1909 605 1962 constituerat,
656 1924 751 1950 cum
802 1924 946 1950 omnes
999 1912 1097 1950 ante
1146 1913 1189 1950 te
1239 1925 1358 1964 prae-

21 1971 159 2008 torem
185 1967 381 2021 Rupilias
408 1968 525 2023 leges
552 1970 594 2008 et
622 1968 668 2008 in
698 1969 848 2009 ceteris
881 1969 1008 2009 rebus
1041 1971 1083 2009 et
1114 1968 1160 2009 in
1190 1969 1356 2010 iudiciis

22 2027 204 2067 maxime
231 2027 543 2079 observassent,
576 2029 623 2067 tu
650 2042 776 2068 ausus
805 2042 846 2068 es
874 2042 951 2082 pro
977 2027 1113 2068 nihilo
1146 2042 1248 2081 prae
1281 2030 1356 2068 tua

0 2085 178 2139 ·praeda
197 2088 265 2126 tot
290 2099 356 2125 res
385 2085 678 2126 sanctissimas
707 2086 884 2127 ducere?
917 2086 998 2126 tibi
1023 2086 1144 2126 nulla
1170 2087 1237 2127 lex
1262 2086 1356 2137 fuit,

20 2145 141 2185 nulla
160 2144 325 2199 religio.
352 2144 496 2185 nullus
518 2144 846 2185 existimationis
868 2145 1015 2199 pudor,
1040 2145 1185 2185 nullus
1211 2145 1356 2186 iudicii

21 2203 189 2244 metus?
238 2203 399 2243 nullius
450 2203 562 2257 apud
605 2205 647 2243 te
697 2204 840 2257 gravis
886 2204 1139 2255 auctoritas,
1189 2204 1355 2244 nullum

23 2262 279 2316 exemplum,
324 2262 436 2316 quod
481 2262 601 2315 sequi
644 2262 805 2303 velles‘?
874 2262 1051 2315 Verum,
1095 2265 1143 2303 ut
1187 2262 1356 2303 institui
1382 2271 1424 2301 41

23 2320 175 2374 dicere,
214 2320 399 2374 quinque
436 2320 646 2361 iudicibus
683 2321 803 2361 nulla
841 2321 954 2375 lege,
990 2321 1110 2362 nullo
1143 2321 1355 2375 instituto,

0 2379 140 2420 »nulla
175 2379 420 2433 reiectione,
457 2380 578 2420 nulla
616 2382 731 2420 sorte
771 2394 820 2420 ex
857 2380 1033 2421 libidine
1071 2380 1196 2421 istius
1231 2380 1355 2430 datis,

19 2451 107 2479 non
145 2438 214 2492 qui
253 2453 424 2480 causam
462 2441 786 2493 cognoscerent,
831 2438 904 2479 secl
944 2439 1032 2492 qui,
1078 2439 1189 2493 quod
1226 2439 1355 2493 impe·

21 2498 162 2537 ratum
189 2499 312 2552 esset,
341 2497 588 2551 iudicarent,
621 2512 668 2538 eo
698 2498 762 2538 die
788 2497 895 2538 nihil
924 2500 1065 2539 actum
1093 2500 1174 2553 est3
1208 2498 1355 2539 adesse
