1618 2584
392 249 479 284 LlB.
510 250 540 284 II
591 249 688 284 CAP.
713 254 849 285 12——14
875 254 893 291 ξ
920 254 1068 284 30-36,
1313 252 1393 292 211

64 361 180 387 mum
225 360 326 387 suae
364 346 493 401 leges.
563 345 683 394 Quod
721 347 824 388 civis
863 361 957 387 cum
997 347 1077 387 civi
1116 350 1280 401 ageret,
1325 350 1399 389 aut

65 419 160 446 eum
185 404 379 457 iudicem,
405 420 530 458 quem
557 405 826 446 commodum
854 407 957 457 erat,
983 420 1249 459 praeconem,
1275 406 1398 447 haru-

65 463 239 518 spicem,
283 463 494 504 medicum
534 478 656 505 suum
696 465 844 517 dabat,
888 466 979 517 aut,
1024 464 1060 504 si
1099 464 1266 519 legibus
1306 468 1398 506 erat

62 522 264 563 iudicium
302 523 586 564 constitutum
625 526 668 564 et
706 523 758 564 ad
796 523 931 565 civem
964 536 1086 564 suum
1118 523 1300 565 iudicem
1331 538 1398 565 ve-

28 593 42 616 5
62 583 227 631 nerant,
253 581 387 622 libere
414 582 496 623 civi
520 581 707 622 iudicare
732 595 819 623 non
844 581 1013 623 licebat.
1057 581 1258 623 Edictum
1286 582 1398 623 enim

61 639 248 681 hominis
292 640 554 695 cognoscite,
600 655 683 694 quo
728 640 864 681 edicto
910 641 1054 682 omnia
1090 640 1245 682 iudicia
1283 642 1398 683 rede-

64 701 188 753 gerat
230 698 275 740 in
312 713 433 740 suam
471 701 749 753 potestatem:
795 698 841 739 SI
881 711 959 748 QUI
998 711 1246 741 PERPERAM
1282 712 1398 741 1UD1—

63 768 250 811 CASSET,
288 768 341 800 SE
380 768 702 811 COGNITURUM3
741 768 834 799 CUM
873 769 1161 811 COGNOSSET,
1200 771 1396 800 ANIMAD-

61 827 317 858 VERSURUM.
359 815 493 870 quue
520 831 614 857 cum
639 816 837 869 faciebat,
862 831 986 858 nemo
1014 817 1252 872 dubitabat,
1284 818 1397 872 quin,

12 886 41 909 ¹0
62 889 157 916 cum
194 874 319 917 iudex
357 875 489 916 alium
530 875 579 916 sle
611 889 687 916 suo
720 875 875 916 iudicio
908 878 1081 929 putaret
1111 876 1397 918 iudicaturum

62 948 189 988 seque
223 934 268 975 in
306 948 353 975 eo
392 933 544 989 capitis
577 933 812 988 periculum
853 934 1083 988 aditurum,
1128 935 1397 977 voluntatem

63 995 276 1047 spectaret
320 992 427 1047 eius,
473 1007 598 1047 quem
643 993 792 1034 statim
837 993 886 1033 de
930 993 1068 1047 capite
1108 1008 1183 1034 suo
1224 997 1396 1048 putaret

59 1051 358 1093 iudicaturum.
418 1049 573 1093 Selecti
606 1066 655 1093 ex
687 1054 898 1093 conventu
932 1059 1006 1093 aut
1038 1067 1086 1093 ex
1118 1053 1396 1107 negotiatori·
1422 1061 1466 1092 34

60 1110 140 1151 bus
182 1110 394 1165 propositi
430 1111 590 1152 iudices
627 1110 754 1164 nulli3
797 1111 901 1152 haec
940 1111 1079 1165 copia,
1125 1126 1253 1165 quam
1292 1113 1397 1166 (1100,

10 1179 40 1203 ¹5
60 1169 265 1222 iudicum,
305 1169 457 1211 cohors
489 1184 574 1210 non
607 1169 654 1218 Q.
683 1169 930 1221 Scaevolae,
966 1170 1037 1224 qui
1068 1172 1214 1211 tamen
1247 1171 1296 1211 (le
1329 1186 1394 1213 co—

59 1229 183 1270 horte
229 1243 306 1269 sua
350 1228 449 1269 dare
492 1243 580 1270 non
618 1229 805 1281 solebat,
849 1228 923 1269 sed
961 1227 1004 1270 O.
1038 1228 1196 1270 Verris.
1266 1229 1395 1271 Cuius

60 1287 174 1329 modi
211 1287 431 1329 cohortem
468 1287 632 1341 putatis
670 1287 751 1329 1100
788 1287 979 1342 principe
1015 1287 1176 1329 fuisse?
1209 1287 1239 1340 †
1271 1288 1397 1330 sicuti

59 1346 212 1387 videtis
234 1346 436 1388 edictum:
464 1344 509 1387 S1
537 1358 615 1396 QUI
641 1357 883 1387 PERPERAM
910 1357 1150 1387 IUDICARIT
1179 1358 1395 1390 SENA'rUS.

58 1405 169 1446 Eum
208 1419 374 1459 quoque
414 1405 655 1457 ostendam,
693 1404 729 1446 si
768 1405 935 1459 quando
976 1405 1032 1446 sit
1063 1406 1206 1459 datus,
1245 1409 1395 1448 coactu

6 1473 40 1498 20
59 1464 202 1517 istius,
235 1464 348 1518 quod
378 1478 465 1506 non
497 1464 696 1517 senserit,
726 1464 948 1506 iudicasse.
997 1463 1061 1504 Ex
1094 1465 1188 1520 lege
1221 1464 1395 1520 Rupilia

61 1522 230 1564 sortitio
273 1523 409 1576 nulla,
452 1522 537 1564 nisi
580 1537 675 1564 cum
719 1522 828 1563 nihil
866 1523 1075 1564 intererat
1111 1523 1253 1577 istius3
1300 1525 1394 1579 lege

59 1581 289 1623 Hieronica
313 1581 469 1623 iudicia
494 1581 778 1636 plurimarum
805 1582 1194 1623 controversiarum
1221 1583 1395 1624 sublata

58 1656 142 1682 uno
186 1640 357 1682 nomine
402 1640 562 1693 omnia3
607 1640 657 1681 de
701 1642 912 1681 conventu
956 1655 1004 1681 ac
1047 1641 1392 1696 negotiatoribus

58 1700 166 1741 nulli
200 1699 371 1741 iudices.
434 1698 645 1747 Quantam
677 1701 935 1754 potestatem
970 1699 1188 1753 habuerit,
1226 1700 1393 1754 videtis,

6 1767 38 1792 ‘25
60 1773 164 1813 quas
197 1772 264 1800 res
298 1758 496 1813 gesserit,
529 1758 785 1813 cognoscite.

146 1816 371 1859 Heraclius
417 1819 483 1858 est
520 1816 718 1858 Hieronis
758 1816 872 1857 filius
911 1815 1220 1870 Syracusanus,
1263 1817 1391 1859 homo

57 1876 101 1918 in
138 1876 288 1931 primis
328 1875 443 1916 domi
475 1890 575 1916 suae
606 1875 765 1917 nobilis
797 1877 839 1916 et
871 1877 970 1916 ante
1002 1875 1115 1917 hunc
1145 1878 1391 1930 praetorem

57 1935 125 1977 vel
162 1934 539 1990 pecuniosissimus
577 1932 959 1989 Syracusanorum,
1001 1949 1113 1976 nunc
1150 1935 1269 1975 nulla
1307 1935 1393 1977 alia

58 1994 305 2036 calamitate
339 1993 422 2034 nisi
452 1993 578 2034 istius
611 1993 795 2034 avaritia
827 1995 954 2047 atque
986 1993 1142 2034 iniuria
1173 1995 1390 2048 pauperri-

7 2061 39 2086 30
58 2067 163 2094 mus.
213 2052 324 2094 Huic
349 2052 563 2093 hereditas
592 2052 644 2093 ad
667 2051 740 2094 HS
765 2051 890 2093 facile
916 2051 1090 2093 triciens
1117 2053 1234 2093 venit
1260 2055 1390 2093 testa-

58 2114 201 2153 mento
245 2111 475 2166 propinqui
519 2111 584 2152 sui
622 2110 827 2164 Heraclii,
872 2111 999 2165 plena
1043 2111 1193 2152 domus
1236 2111 1391 2152 caelati

58 2171 227 2226 argenti
272 2170 424 2225 optimi
468 2170 713 2224 multaeque
755 2170 974 2225 stragulae
1012 2169 1145 2211 vestis
1183 2170 1390 2225 pretioso-

56 2244 234 2284 rumque
273 2228 601 2283 mancipiorum3
639 2228 792 2282 quibus
830 2228 874 2269 in
911 2229 1037 2270 rebus
1074 2228 1199 2269 istius
1234 2229 1390 2283 cupidi-

57 2290 168 2330 tates
197 2290 239 2330 et
266 2288 456 2329 insanias
489 2287 582 2342 quis
614 2287 817 2342 ignorat?
866 2286 974 2328 Erat
1005 2287 1051 2328 in
1082 2301 1277 2328 sermone
1309 2302 1389 2339 res,

8 2357 39 2382 35
59 2362 261 2403 magnam
280 2347 503 2401 pecuniam
523 2345 722 2387 Heraclio
750 2346 960 2399 relictam3
985 2360 1072 2387 non
1098 2346 1237 2387 solum
1257 2345 1390 2388 Hera-

58 2406 186 2447 clium
207 2406 394 2459 divitem,
422 2405 644 2446 sedetiam
668 2407 865 2446 ornatum
894 2404 1169 2459 supellectile,
1197 2407 1389 2460 argento,

57 2467 194 2516 veste,
232 2464 455 2519 mancipiis
493 2464 696 2505 futurum.
756 2463 888 2504 Audit
926 2464 1030 2505 haec
1069 2463 1198 2504 etiam
1232 2463 1387 2505 Verres
1415 2471 1458 2502 36

1038 2531 1106 2565 14*

1410 1798 1460 1838 14

1418 1850 1461 1880 35
