1618 2584
194 72 249 113 86
450 71 542 106 PRO
571 71 610 113 Q.
632 70 804 105 ROSCIO
833 69 1062 105 COMOEDO
1090 70 1278 105 ORATIO.

193 167 364 209 tissima
396 167 480 209 fuit
518 181 703 221 semper,
742 168 785 207 et
822 166 946 207 iudex
984 168 1050 207 est
1087 166 1142 219 is,
1181 181 1307 220 quem
1337 180 1416 208 nos
1448 181 1535 208 non

195 226 335 268 minus
372 227 480 268 bene
513 226 562 266 de
594 225 719 267 nobis
752 225 999 266 existimare
1032 239 1161 279 quam
1194 225 1424 266 secundum
1455 239 1533 267 nos

194 285 381 326 iudicare
418 284 618 338 velimus,
657 286 700 325 et
738 283 962 324 advocatio
995 297 1046 324 ea
1077 286 1159 337 est,
1199 298 1328 339 quam
1358 286 1535 339 propter

194 343 395 385 eximium
424 343 694 398 splendorem
723 344 772 384 ut
803 342 984 383 iudicem
1016 345 1184 384 mutum
1215 342 1352 384 vereri
1385 342 1535 384 debea-

192 417 306 455 mus,
344 401 519 456 perinde
559 416 606 444 ac
645 402 681 442 si
717 401 763 442 in
799 401 910 442 lianc
940 400 1173 442 formulam
1205 401 1349 442 omnia
1380 401 1568 443 iudicia&

192 460 408 515 legitima,
447 460 591 502 omnia
623 459 805 501 arbitria
836 460 1085 513 honoraria,
1118 460 1262 502 omnia
1294 459 1436 502 officia
1468 459 1535 501 do-

193 519 373 561 mestica
392 519 593 561 conclusa
614 521 656 560 et
676 518 986 573 comprehensa
1011 518 1110 572 sint,
1136 518 1311 573 perinde
1338 519 1535 560 dicemus.

191 577 275 619 Illa
319 579 514 632 superior
550 577 633 619 fuit
669 578 807 619 oratio
840 578 1099 632 necessaria,
1138 578 1244 619 haec
1277 577 1358 618 erit
1389 577 1535 619 volun-

191 636 321 690 taria,
360 637 437 678 illa
475 636 528 678 ad
562 636 764 690 iudicem,
800 636 906 678 haec
938 636 991 677 ad
1024 635 1068 678 C.
1092 635 1312 690 Pisonem,
1350 635 1427 678 illa
1458 651 1534 690 pro

191 709 277 749 reo,
308 695 414 738 haec
439 710 517 751 pro
543 695 711 750 Roscio,
743 695 819 737 illa-
844 695 1062 749 victoriae,
1093 694 1200 738 haec
1225 695 1362 737 bonae
1394 695 1536 736 existi·
1554 708 1583 735 ιο
1612 725 1613 729 ,

194 754 396 795 mationis
430 769 559 796 causa
589 757 852 810 comparata.

281 812 513 855 Pecuniam
561 813 691 868 petis,
740 812 892 867 Fanni,
944 828 969 854 a
1013 812 1180 854 Roscio.
1250 812 1416 862 Quam?
1471 813 1536 855 dic

194 871 398 913 audacter
424 875 467 913 et
496 875 654 927 aperte.
710 871 867 913 Utrum
898 886 1006 926 quae
1037 871 1119 912 tibi
1151 886 1201 912 ex
1234 872 1438 913 societate
1471 872 1536 914 de-

192 930 362 984 beatur,
395 945 451 972 an
483 945 591 985 quae
623 945 673 972 ex
704 930 968 972 liberalitate
999 930 1126 971 huius
1158 931 1373 984 promissa
1405 931 1462 972 sit
1494 933 1536 972 et

193 990 440 1031 ostentata?
493 990 682 1039 Quorum
721 990 906 1030 alterum
945 992 1011 1030 est
1049 989 1223 1045 gravius
1261 992 1303 1031 et
1335 989 1534 1042 odiosius,
1554 1001 1582 1029 15

192 1048 377 1090 alterum
397 1048 534 1090 levius
559 1051 602 1090 et
623 1048 804 1090 facilius.
850 1048 966 1097 Quae
993 1063 1043 1089 ex
1069 1048 1275 1090 societate
1301 1048 1534 1090 debeatur?

193 1106 304 1156 Quid
331 1107 423 1149 ais?
467 1107 562 1150 Hoc
587 1107 673 1149 iam
702 1122 839 1161 neque
866 1107 1018 1149 leviter
1050 1107 1271 1148 ferendum
1304 1110 1370 1149 est
1400 1122 1535 1162 neque

191 1166 476 1221 neglegenter
515 1166 835 1208 defendendum.
895 1164 940 1207 Si
973 1181 1057 1220 qua-
1089 1166 1201 1207 enim
1235 1169 1335 1207 sunt
1366 1166 1535 1221 privata

191 1225 347 1267 iudicia
374 1240 565 1267 summae
598 1225 929 1267 existimationis
963 1228 1005 1266 et
1031 1239 1166 1280 paene
1200 1225 1338 1267 dicam
1370 1225 1535 1280 capitis,

192 1283 277 1325 tria
318 1284 422 1326 haec
464 1287 580 1338 sunt,
624 1284 819 1338 fiduciae,
863 1283 1044 1337 tutelae,
1089 1283 1319 1326 societatis.
1387 1284 1535 1340 Aeque
1553 1288 1617 1326 2⁰?

193 1342 306 1383 enim
332 1343 609 1398 perfidiosum
637 1345 679 1384 et
704 1342 915 1384 nefarium
943 1345 1008 1383 est
1034 1342 1162 1384 fidem
1188 1342 1399 1398 frangere,
1429 1357 1534 1397 quae
1614 1346 1615 1350 ’

193 1402 385 1443 continet
414 1402 567 1455 vitam,
601 1404 643 1442 et
675 1401 889 1456 pupillum
921 1401 1138 1455 fraudare,
1174 1402 1247 1456 qui
1278 1402 1323 1442 in
1353 1402 1532 1444 tutelam

191 1461 400 1515 pervenit,
427 1463 469 1502 et
489 1461 652 1502 socium
671 1460 835 1513 fallere,
862 1461 935 1514 qui
960 1475 1005 1502 se
1031 1460 1076 1501 in
1101 1460 1276 1516 negotio
1304 1460 1533 1502 coniunxit.

122 1533 163 1564 17
194 1520 309 1568 Quae
342 1534 438 1562 cum
469 1520 533 1561 ita
566 1520 670 1573 sint,
709 1519 803 1574 quis
837 1519 911 1573 sit,
951 1519 1023 1574 qui
1055 1520 1218 1561 socium
1249 1519 1462 1561 fraudarit
1494 1523 1535 1562 et
1583 1523 1585 1526 ’

192 1578 413 1633 fefellerit,
451 1579 787 1633 consideremus3
826 1578 946 1620 dabit
984 1578 1097 1619 enim
1128 1578 1253 1620 nobis
1286 1579 1372 1620 iam
1404 1579 1533 1621 tacite
1551 1590 1578 1616 25
1612 1587 1618 1620 ἐ]

191 1637 283 1679 vita
310 1640 407 1680 acta
431 1637 476 1680 in
503 1638 759 1679 alterutram
785 1640 953 1691 partem
979 1638 1151 1678 firmum
1178 1640 1222 1678 et
1254 1651 1384 1693 grave
1417 1638 1533 1679 testi·
1598 1650 1602 1704 Ι

190 1696 395 1738 monium.
452 1696 498 1745 Q.
525 1696 736 1738 Roscius?
789 1696 898 1745 Quid
931 1696 1022 1737 ais‘?
1067 1710 1225 1750 nonne,
1264 1699 1312 1738 ut
1344 1696 1458 1752 ignis
1490 1697 1535 1739 in

192 1770 348 1810 aquam
374 1755 591 1797 coniectus
618 1755 820 1796 continuo
851 1755 1136 1810 restinguitur
1169 1758 1210 1796 et
1242 1755 1533 1811 refrigeratur,

192 1814 252 1855 sic
278 1814 494 1855 refervens
520 1814 680 1855 falsum
707 1813 867 1855 crimen
892 1814 938 1854 in
963 1814 1239 1869 purissimam
1273 1817 1316 1855 et
1349 1814 1533 1856 castissi-

190 1888 306 1914 mam
332 1873 468 1914 vitam
501 1873 708 1914 collatum
742 1873 892 1914 statim
925 1873 1109 1914 concidit
1142 1875 1184 1914 et
1216 1873 1531 1929 exstinguitur?
1549 1883 1578 1910 ³⁰
1617 1885 1618 1905 ³

190 1931 373 1973 Roscius
418 1932 582 1974 socium
625 1931 859 1973 fraudavit!
913 1931 1064 1973 Potest
1107 1932 1188 1974 lioc
1232 1932 1397 1974 homini
1436 1932 1533 1974 huic

189 1991 367 2032 haerere
405 1991 658 2046 peccatum?
705 1991 777 2044 qui
809 1990 973 2032 medius
1006 1990 1131 2032 fidius
1165 1990 1388 2046 (audacter
1421 1989 1531 2047 dico)

189 2050 287 2104 plus
317 2050 416 2091 fidei
449 2065 578 2104 quam
611 2049 729 2104 artis,
761 2050 859 2105 plus
891 2050 1088 2091 veritatis
1122 2064 1251 2104 quam
1284 2050 1532 2106 disciplinae

189 2108 384 2163 possidet
415 2108 460 2149 in
493 2123 554 2163 se,
588 2124 714 2164 quem
747 2109 932 2164 populus
965 2108 1185 2150 Romanus
1218 2109 1441 2151 meliorem
1471 2109 1531 2150 vi-

189 2182 285 2209 rum
313 2183 441 2222 quam
467 2167 724 2209 histrionem
751 2183 841 2209 esse
869 2168 1117 2221 arbitratur,
1151 2168 1223 2222 qui
1249 2168 1311 2210 ita
1337 2167 1531 2224 dignissi-
1547 2160 1595 2226 3⁵}

189 2240 284 2267 mus
312 2230 377 2268 est
410 2241 564 2268 scaena
595 2229 774 2282 propter
806 2227 1052 2280 artificium,
1084 2229 1133 2267 ut
1165 2227 1444 2282 dignissimus
1476 2226 1531 2268 sit

123 2297 162 2327 18
190 2285 308 2326 curia
331 2288 510 2341 propter
543 2285 862 2327 abstinentiam.
920 2284 1001 2327 Sed
1035 2285 1135 2340 quid
1168 2300 1247 2341 ego
1280 2286 1448 2341 ineptus
1483 2284 1531 2326 de
1590 2339 1591 2346 ἵ

140 793 166 833 6

125 844 166 877 16
