1675 2574
477 118 576 154 CAP.
602 123 740 155 31-33
766 123 786 163 ξ
811 123 959 156 88—91.
1142 151 1154 162 .
1335 122 1389 163 61

54 217 223 259 accuset
247 228 332 268 eOS,
362 228 451 256 non
476 214 629 269 deerit,
661 215 761 257 dum
787 215 938 257 civitas
971 216 1063 269 erit,
1095 216 1251 258 iudicia
1276 217 1392 258 fient.

54 273 230 325 Verum,
267 275 316 314 ut
353 273 473 326 coepi
505 273 660 327 dicere,
699 277 741 315 et
772 274 970 328 Erucius,
1008 274 1113 316 haec
1144 274 1182 315 si
1212 275 1393 316 haberet

53 332 99 375 in
128 345 273 385 causa,
312 345 419 385 quae
451 333 802 388 commemoravi,
832 335 980 388 posset
1011 347 1061 374 ea
1093 333 1288 387 quamvis
1321 333 1392 375 diu

55 390 210 444 dicere,
253 390 296 431 et
338 403 438 445 ego,
480 390 657 444 iudices,
700 405 893 445 possum3
931 391 1004 433 sed
1046 391 1091 432 in
1134 391 1276 433 animo
1315 394 1392 444 est,

18 460 38 487 ⁶
56 462 178 504 quem
205 447 259 489 ad
284 448 458 490 modum
486 451 586 490 ante
612 448 710 503 dixi,
741 449 894 491 leviter
922 450 1108 491 transire
1141 464 1190 492 ac
1220 453 1391 491 tantum

0 521 3 555 ζ
55 507 180 550 modo
212 506 501 561 perstringere
532 521 662 549 unam
689 522 900 562 quamque
931 523 1041 561 rem,
1072 511 1120 550 ut
1152 523 1300 550 omnes
1331 509 1392 549 in-

6 574 7 579 ’
53 565 263 619 tellegant
282 579 350 606 me
369 579 456 606 non
481 565 623 607 studio
651 580 862 621 accusare,
888 567 961 608 sed
988 567 1127 609 officio
1155 567 1389 609 defendere.

139 622 275 665 Video
319 623 454 679 igitur
495 638 645 665 causas
684 638 775 666 esse
812 626 1068 679 permultas,
1111 640 1220 680 quae
1257 626 1388 667 istum

53 681 340 737 impellerent3
364 681 585 723 videamus
604 697 728 735 nunc,
754 697 910 738 ecquae
929 684 1114 726 facultas
1135 684 1393 739 suscipiendi

7 752 37 782 o
53 740 251 783 maleficii
294 740 435 782 fuerit.
503 740 590 782 Ubi
635 741 797 783 occisus
843 744 908 783 est
950 741 1043 784 Sex.
1081 742 1291 785 Roscius?
1335 767 1392 773 -

6 820 12 834 ν
53 798 225 841 Romae.
255 823 303 828 —
334 798 472 847 Quid?
504 801 564 854 tu,
599 799 645 840 T.
664 799 807 854 Rosci,
838 800 913 841 ubi
938 803 1040 843 tunc
1066 802 1190 843 eras?
1221 825 1279 831 —-
1310 801 1393 843 Ro·

11 883 15 896 ·
53 871 158 899 mae.
219 856 382 899 Verum
420 857 522 912 quid
560 858 613 899 ad
644 859 764 899 rem?
809 860 852 899 et
884 859 957 900 alii
990 860 1127 903 multi.
1167 884 1217 890 —
1261 860 1393 909 Quasi

15 934 16 938 ¹
52 930 162 958 nunc
198 915 242 957 id
280 918 454 972 agatur,
492 916 586 970 quis
625 931 675 958 ex
711 919 836 958 tanta
871 918 1145 959 multitudine
1178 918 1392 972 occiderit,

13 1020 16 1031 ‚
54 989 102 1017 ac
136 988 223 1016 non
259 974 341 1016 hoc
380 978 629 1029 quaeratur,
667 989 781 1029 eum,
819 976 891 1029 qui
922 976 1086 1018 Romae
1125 977 1185 1018 sit
1215 977 1392 1030 occisus,

15 1035 196 1075 utrum
224 1034 315 1075 veri
347 1033 530 1075 similius
563 1034 620 1075 sit
652 1034 706 1075 ab
740 1048 788 1075 eo
822 1048 914 1076 esse
947 1036 1152 1089 occisum,
1185 1036 1258 1090 qui
1290 1037 1393 1077 assi-

16 1196 23 1211 ,
53 1151 173 1193 annis
192 1150 376 1192 Romam
397 1151 571 1193 omnino
590 1166 677 1192 non
697 1152 935 1193 accesserit.
974 1153 1069 1207 Age
1088 1167 1201 1194 nune
1227 1156 1391 1194 ceteras

16 1208 23 1240 ·'
53 1223 219 1265 quoque
245 1209 476 1251 facultates
504 1210 836 1258 consideremus.
890 1210 1001 1251 Erat
1032 1213 1126 1252 tum
1158 1211 1391 1252 multitudo

19 1263 25 1289 '²
53 1268 313 1321 sicariorum,
338 1267 382 1309 id
402 1268 516 1322 quod
535 1269 888 1311 commemoravit
906 1268 1102 1323 Erucius,
1129 1272 1171 1310 et
1190 1269 1391 1311 homines

21 1372 27 1379 „
52 1326 223 1382 impune
249 1326 563 1369 occidebantur.
614 1327 754 1376 Quid?
787 1342 837 1369 ea
862 1328 1094 1370 multitudo
1128 1343 1236 1382 quae
1269 1329 1392 1370 erat?

27 1385 230 1440 ,ΟΡὶΠοΥ,
268 1388 343 1427 aut
374 1400 539 1438 eorum,
577 1386 650 1440 qui
681 1387 726 1427 in
756 1386 882 1428 bonis
915 1389 1038 1428 erant
1070 1387 1285 1441 occupati,
1318 1389 1393 1428 aut

23 1444 31 1494 Ϊ
53 1458 210 1498 eorum,
238 1444 310 1498 qui
331 1444 385 1485 ab
405 1444 458 1485 iis
478 1444 836 1498 conducebantur,
861 1447 910 1486 ut
931 1445 1118 1499 aliquem
1141 1445 1392 1487 occiderent.

23 1501 98 1545 Si
133 1517 205 1545 eos
242 1505 389 1558 putas,
434 1503 507 1557 qui
544 1503 732 1544 alienum
770 1504 1048 1558 adpetebant,
1092 1507 1141 1545 tu
1179 1518 1223 1545 es
1260 1504 1306 1545 in
1344 1518 1392 1546 eo

27 1575 245 1615 numero,
284 1561 357 1616 qui
392 1564 544 1603 nostra
581 1562 761 1617 pecunia
799 1562 916 1603 dives
952 1577 1015 1616 es3
1053 1562 1120 1603 sin
1152 1577 1246 1617 eos,
1285 1577 1392 1617 quos

32 1620 125 1675 ·qui
175 1620 336 1662 leviore
385 1621 557 1662 nomine
607 1621 846 1675 appellant,
901 1635 1174 1675 percussores
1223 1624 1394 1676 vocant,

29 1686 35 1716 ί
55 1693 219 1733 quaere,
249 1679 294 1720 in
320 1679 438 1720 cuius
463 1679 546 1720 fide
573 1679 661 1720 sint
690 1682 732 1720 et
763 1680 982 1733 clientela3
1013 1679 1121 1720 mihi
1152 1679 1286 1734 crede,
1319 1680 1394 1721 ali-

0 1751 2 1753 ’
28 1766 32 1774 -
55 1751 177 1793 quem
204 1737 254 1779 de
281 1738 485 1779 societate
510 1740 586 1779 tua
611 1738 816 1792 reperies3
848 1740 903 1792 et,
935 1738 1136 1792 quicquid
1161 1740 1210 1780 tu
1241 1741 1394 1780 contra

2 1818 9 1833 ι
55 1795 228 1851 dixeris,
265 1796 309 1837 id
347 1811 442 1838 cum
479 1796 723 1838 defensione
754 1799 906 1838 nostra
937 1797 1202 1851 contendit03
1240 1797 1303 1838 ita
1334 1797 1394 1838 fa·

28 1907 29 1911 Ἰ
55 1854 210 1897 cillime
248 1869 376 1897 causa
408 1853 500 1896 Sex.
526 1854 657 1897 Rosci
694 1870 789 1907 cum
824 1858 901 1896 tua
932 1855 1186 1897 conferetur.
1246 1855 1393 1897 Dices:

55 1912 180 1964 ‘Quid
215 1916 385 1969 postea,
424 1913 461 1955 si
491 1913 656 1955 Romae
692 1914 888 1955 assiduus
918 1913 1032 1955 fui?'
1089 1914 1392 1968 Respondebo:

0 1997 2 2007 ·
56 1971 130 2014 ‘At
155 1986 234 2028 ego
262 1973 435 2014 omnino
460 1986 548 2013 non
572 1972 662 2013 fui?
689 1997 746 2002 —
771 1972 929 2014 Fateor
955 1987 1023 2014 me
1051 1975 1262 2014 sectorem
1289 1987 1394 2027 esse,

0 2052 2 2054 ’
54 2044 200 2073 verum
226 2033 268 2073 et
302 2031 377 2072 alii
409 2030 547 2072 multi.
584 2055 633 2060 —
668 2030 729 2072 At
762 2045 854 2086 ego,
885 2033 934 2072 ut
965 2031 1249 2086 tute‘arguis,
1283 2031 1394 2086 agri—

55 2089 148 2132 cola
181 2092 224 2131 et
253 2090 451 2131 rusticus.
489 2113 544 2119 —
583 2088 684 2130 Non
715 2090 935 2143 continuo,
973 2090 1010 2130 si
1042 2104 1108 2130 me
1139 2090 1184 2130 in
1217 2104 1394 2145 gregem

0 2225 6 2249 2
38 2206 127 2261 .qu'i
150 2221 202 2249 ne
227 2207 328 2249 novi
355 2207 525 2262 quidem
552 2221 810 2261 quemquam
836 2206 1049 2261 sicarium,
1081 2207 1210 2262 longe
1240 2208 1392 2248 absum

57 2265 110 2306 ab
135 2265 224 2307 eius
252 2266 369 2308 modi
400 2265 588 2307 crimine.
643 2265 866 2306 Permulta
898 2268 1010 2318 sunt,
1043 2280 1151 2319 quae
1183 2265 1266 2307 dici
1296 2280 1393 2320 pos-

57 2326 166 2379 mmt,
191 2338 322 2379 quare
341 2324 624 2380 intellegatur
646 2339 855 2365 summam
877 2324 959 2365 tibi
980 2324 1234 2365 facultatem
1259 2323 1392 2365 fuisse

14 1098 20 1108 ·
54 1092 158 1134 duus
192 1106 241 1134 eo
273 1094 467 1147 tempore
498 1092 662 1134 Romae
693 1092 836 1146 fuerit,
869 1107 924 1134 an
956 1094 1009 1134 ab
1043 1108 1105 1147 eo,
1137 1094 1211 1148 qui
1242 1095 1391 1135 multis
1438 1139 1442 1143 ‚

1419 1162 1462 1192 93

1420 1864 1464 1895 94

0 2167 3 2190 ι
57 2147 304 2190 sicariorum
324 2148 510 2202 contuli,
541 2163 636 2189 sum
659 2148 859 2189 sicarius.
892 2172 946 2177 —
979 2148 1040 2189 At
1072 2162 1152 2203 ego
1185 2148 1393 2202 profecto,
1432 2152 1438 2156 '
