1618 2584
326 28 416 63 LIB.
443 29 459 63 I
517 28 619 63 CAP.
649 33 785 63 11-14
810 32 829 70 ξ
855 32 1005 63 31—36.
1169 51 1174 54 -
1252 29 1337 69 153

87 125 298 174 Quaestor
335 139 385 165 ex
424 127 596 166 senatus
630 125 824 166 consulto
857 124 1125 179 provinciam
1158 125 1338 166 sortitus
1356 131 1408 171 13

0 199 63 238 es3
100 183 258 238 obtigit
296 183 378 223 tibi
415 184 670 236 consularis,
708 186 757 224 ut
795 198 891 224 cum
929 184 1102 224 consule
1136 181 1339 224 011031·-

0 244 108 285 bone
145 256 259 283 esses
298 256 476 295 eamque
514 242 778 296 provinciam
817 242 1044 283 obtineres.
1106 241 1215 282 Erat
1246 244 1339 282 tum

0 300 206 343 dissensio
227 300 401 354 civium,
429 300 478 341 de
500 315 584 354 qua
603 301 711 341 nihil
733 315 827 341 sum
849 301 1038 342 dicturus
1059 300 1160 354 quid
1180 300 1338 341 sentire

0 359 211 412 debueris3
255 374 387 400 unum
425 359 506 400 hoc
544 359 655 412 dico,
695 359 740 400 in
778 359 867 400 eius
906 359 1022 401 modi
1058 362 1253 413 tempore
1292 374 1339 400 ac

0 421 113 461 sorte
139 420 330 459 statuere
356 420 399 458 te
426 418 634 471 debuisse,
666 420 811 458 utrum
838 419 990 459 malles
1020 418 1178 459 sentire
1211 420 1339 472 atque

0 476 232 519 defendere.
284 475 424 517 Carbo
452 476 643 531 graviter
668 476 834 517 ferebat
861 477 943 518 sibi
971 480 1243 531 quaestorem
1270 477 1341 518 ob-

0 535 149 591 tigisse
168 535 387 576 hominem
409 534 620 589 singulari
642 534 812 575 luxuria
839 538 967 589 atque
992 536 1165 589 inertia3
1192 550 1340 577 verum

0 597 143 636 tamen
169 594 353 635 ornabat
379 608 475 634 eum
503 593 718 634 beneficiis
746 593 983 648 officiisque
1015 595 1226 635 omnibus.
1274 593 1341 635 Ne

1 653 157 695 diutius
189 655 378 706 teneam,
414 652 593 705 pecunia
620 652 848 706 attributa,
880 656 1106 694 numerata
1133 656 1214 707 est3
1247 667 1342 707 pro-

0 712 134 753 fectus
171 714 236 752 est
274 713 477 765 quaestor
507 711 553 751 in
589 711 867 765 provinciam.
922 710 1055 752 Venit
1092 714 1342 777 expectatus

0 771 43 812 in
86 769 275 811 Galliam
321 770 374 811 ad
417 769 650 811 exercitum
694 770 960 811 consularem
1005 785 1100 812 cum
1144 771 1342 825 pecunia,

0 829 127 871 simul
165 844 214 870 ac
252 829 440 894 primum
478 828 516 870 ei
551 828 716 869 occasio
749 829 842 870 visa
874 832 940 870 est
971 827 1238 884 (cognoscite
1269 829 1342 870 ho·

0 887 126 930 minis
175 887 436 942 principium
485 887 821 942 magistratuum
866 888 1150 943 gerendorum
1195 891 1238 929 et
1280 888 1342 928 rei

0 946 196 1002 publicae
217 946 613 1001 administrandae),
641 961 791 987 aversa
813 947 994 1000 pecunia
1007 947 1192 1012 ‘publica
1219 961 1342 1001 quae-

0 1008 91 1047 stor
129 1005 365 1059 consulem,
405 1005 655 1059 exercitum,
694 1007 855 1046 sortem
893 1005 1244 1060 provinciamque
1277 1005 1343 1046 de-

0 1064 144 1106 seruit.
180 1063 330 1117 Video,
357 1063 458 1118 quid
478 1064 657 1118 egerim3
686 1064 814 1119 erigit
835 1078 891 1118 se,
918 1067 1064 1118 sperat
1084 1064 1168 1105 sibi
1194 1079 1343 1105 auram
1369 1075 1414 1106 35

0 1137 125 1179 posse
152 1123 343 1177 aliquam
369 1122 509 1163 afflari
533 1122 579 1163 in
610 1122 691 1164 hoc
724 1123 900 1164 crimine
932 1123 1170 1164 voluntatis
1204 1122 1343 1164 defen-

1 1182 215 1235 sionisque
255 1196 421 1234 eorum,
459 1181 613 1235 quibus
646 1180 722 1223 Cn.
749 1180 960 1223 Carbonis
996 1182 1157 1223 mortui
1187 1196 1344 1223 nomen

1 1241 96 1282 odio
124 1241 197 1294 sit3
225 1241 379 1294 quibus
406 1241 529 1281 illam
554 1240 823 1282 relictionem
849 1241 1222 1295 proditionemque
1248 1255 1343 1282 con-

1 1299 105 1341 sulis
133 1299 199 1340 sui
226 1302 396 1354 gratam
423 1302 569 1353 sperat
593 1299 697 1340 fore.
748 1299 880 1348 Quasi
905 1314 1006 1341 vero
1032 1300 1076 1340 id
1108 1299 1342 1354 cupiditate

1 1358 286 1400 defendendae
323 1358 567 1399 nobilitatis
608 1360 682 1399 aut
718 1359 858 1399 studio
892 1358 1081 1412 partium
1112 1358 1262 1399 fecerit
1294 1373 1343 1399 ao

0 1431 85 1459 non
128 1417 399 1471 apertissime
442 1417 678 1470 consulem,
723 1418 955 1458 exercitum
993 1417 1344 1472 provinciamque

2 1476 246 1531 compilarit
285 1479 328 1517 et
361 1478 539 1530 propter
576 1476 999 1530 impudentissimum
1030 1476 1194 1517 furtum
1228 1476 1344 1517 aufu-

3 1535 129 1591 gerit3
169 1538 234 1576 est
273 1535 386 1576 enim
425 1535 654 1576 obscurum
692 1538 735 1576 et
773 1535 862 1576 eius
900 1535 1016 1576 modi
1047 1535 1210 1577 factum
1243 1535 1345 1589 eius,

1 1596 48 1635 ut
78 1594 218 1649 possit
251 1594 407 1648 aliquis
441 1594 649 1648 suspicari
679 1592 725 1635 C.
750 1592 949 1646 Verrem,
982 1594 1095 1648 quod
1126 1594 1237 1635 ferre
1269 1608 1345 1635 no-

1 1667 75 1694 vos
119 1653 315 1694 homines
355 1667 442 1693 non
478 1653 686 1707 potuerit,
731 1652 785 1694 ad
822 1653 1116 1706 nobilitatem,
1159 1652 1241 1694 hoc
1279 1655 1344 1693 est

3 1711 55 1753 ad
80 1726 192 1766 suos,
223 1712 444 1766 transisse,
475 1712 584 1752 nihil
610 1711 762 1753 fecisse
788 1715 966 1766 propter
991 1711 1228 1766 pecuniam.
1272 1711 1343 1752 Vi·
1370 1722 1414 1752 36

4 1770 188 1825 deamus,
222 1771 411 1812 rationes
439 1785 565 1824 quem
592 1771 645 1811 ad
671 1770 845 1812 modum
871 1771 1106 1825 rettulerit3
1139 1771 1226 1811 iam
1252 1771 1344 1824 ipse

6 1830 211 1884 ostendet,
244 1844 372 1884 quam
405 1830 459 1870 ob
492 1845 582 1870 rem
615 1828 687 1871 Cn.
715 1828 955 1871 Carbonem
990 1830 1225 1884 reliquerit,
1257 1829 1343 1870 iam

4 1902 47 1929 se
93 1889 185 1943 ipse
235 1888 453 1930 indicabit.
528 1888 720 1929 Primum
770 1888 1028 1930 brevitatem
1079 1888 1342 1943 cognoscite:
1362 1893 1416 1933 14

4 1958 185 2002 ACCEPI,
218 1948 376 2002 inquit,
408 1958 594 1989 VICIENS
628 1958 847 1988 DUCENTA
878 1959 1102 1988 TRIGINTA
1135 1959 1343 1996 QUINQUE

3 2017 132 2047 MILIA
175 2017 569 2056 QUADRINGENTOS
614 2017 773 2047 DECEM
817 2018 876 2047 ET
920 2017 1100 2048 SEPTEM
1143 2017 1344 2047 NUMMOS.

4 2076 117 2106 DEDI
137 2076 396 2120 STIPENDIO,
421 2077 683 2118 FRUMENTO,
708 2076 918 2119 LEGATIS,
944 2076 1031 2107 PRO
1060 2076 1344 2118 QUAESTORE,

6 2133 203 2165 COHORTI
243 2135 538 2166 PRAETORIAE
576 2135 632 2166 HS
671 2135 815 2164 MILLE
854 2135 1085 2165 SESCENTA
1122 2134 1343 2164 TRIGINTA

5 2192 204 2232 QUINQUE
247 2195 377 2224 MILIA
422 2193 814 2234 QUADRINGENTOS
858 2194 1018 2224 DECEM
1064 2195 1120 2224 ET
1165 2193 1345 2224 SEPTEM

4 2251 202 2283 NUMMOS.
258 2253 446 2293 RELIQUI
476 2253 660 2283 ARIMINI
691 2253 747 2283 HS
781 2253 1014 2284 SESCENTA
1045 2253 1188 2282 MILIA.
1249 2240 1344 2282 Hoc

1603 0 1618 77 κ-Ξτε

1605 187 1614 208 21
1604 113 1618 146 ι-ς,
1604 84 1614 106 2
