1618 2584
89 1519 144 1559 50

91 1570 155 1601 118

161 218 246 259 316
555 217 605 250 IN
633 216 670 251 C.
700 216 900 250 VERREM
925 216 1028 251 ACT.
1056 216 1100 250 ΙΙ.

163 313 370 366 duximus,
398 313 602 354 accedant
623 327 671 353 eo
692 326 803 353 novo
824 310 1093 365 pessimoque
1120 312 1314 367 exemplo
1335 310 1408 352 HS
1428 313 1500 353 Ξῖ

96 370 157 401 117
185 372 266 413 Hic
287 371 392 412 mihi
414 372 543 412 etiam
565 371 703 411 dicere
724 370 898 411 audebit
925 384 1081 424 magno
1110 385 1153 411 se
1181 371 1376 411 decumas
1404 385 1500 410 ven-

162 431 336 484 didisse,
369 445 463 471 cum
497 444 546 470 ex
579 429 726 470 eodem
761 442 865 483 agro
899 428 1073 469 dimidio
1106 428 1196 482 ipse
1227 430 1322 483 plus
1357 429 1500 469 abstu—

162 489 272 542 lerit,
300 503 427 542 quam
454 487 614 542 populo
636 487 831 528 Romano
858 487 1053 528 miserit?
1088 490 1224 528 ccxvi
1252 488 1346 542 agri
1365 487 1500 528 Leon-

161 548 241 588 tini
269 548 464 587 decumas
498 546 744 599 vendidisti3
777 546 813 586 si
845 561 893 587 ex
927 546 1032 600 lege,
1065 559 1242 600 magno3
1275 546 1322 598 si,
1355 549 1402 586 ut
1435 547 1499 586 lex

162 609 273 647 esset
300 605 432 646 libido
459 608 545 657 tua,
579 605 626 658 si,
658 607 717 657 ut,
751 620 858 658 quae
886 605 1084 647 dimidiae
1114 607 1267 657 essent,
1301 605 1500 645 decumae

161 667 427 715 vocarentur,
454 678 586 717 parvo
607 664 854 717 vendidisti3
882 664 1018 704 multo
1041 663 1152 703 enim
1174 663 1309 717 pluris
1336 663 1500 704 fructus

161 723 291 764 annui
324 721 493 763 Siciliae
533 722 676 763 venire
714 725 964 776 potuerunt,
1004 722 1039 762 si
1071 722 1113 762 id
1145 725 1187 763 te
1220 724 1393 762 senatus
1427 724 1501 762 aut

159 782 344 836 populus
377 782 595 822 Romanus
628 781 767 822 facere
799 781 1018 822 voluisset.
1069 780 1241 821 Etenim
1275 795 1401 833 saepe
1435 780 1501 821 de-

161 855 307 882 cumae
345 840 458 881 tanti
496 840 737 893 venierunt,
776 854 871 881 cum
904 840 998 894 lege
1030 838 1262 880 Hieronica
1292 839 1500 893 venirent,

162 899 311 953 quanti
358 913 469 939 nunc
514 899 608 953 lege
646 898 800 939 Verria
843 899 1079 940 venierunt,
1148 897 1259 939 Cedo
1305 898 1411 938 mihi
1456 896 1500 939 C.

160 958 355 999 Norbani
406 957 602 998 decumas
652 957 859 998 venditas.
934 956 978 997 C.
1017 956 1234 998 NORBANI
1278 968 1499 997 DECUMAE

160 1028 399 1058 VENDITAE
427 1027 538 1056 Aeni
566 1016 805 1057 LEONTINI.
856 1015 991 1069 Atqui
1017 1018 1109 1056 tum
1136 1029 1271 1069 neque
1298 1015 1499 1056 iudicium

161 1076 210 1116 de
255 1075 380 1116 modo
424 1075 618 1129 iugerum
658 1075 858 1126 dabatur,
901 1089 1036 1128 neque
1077 1077 1168 1114 erat
1200 1074 1499 1114 Artemidorus

160 1133 384 1176 Cornelius
424 1136 716 1187 recuperator,
753 1148 889 1186 neque
928 1133 981 1174 ab
1015 1136 1184 1173 aratore
1217 1133 1499 1187 magistratus

160 1192 327 1234 Siculus
348 1194 518 1233 tantum
540 1192 751 1247 exigebat,
779 1195 986 1246 quantum
1014 1192 1270 1232 decumanus
1299 1192 1500 1245 ediderat,

158 1266 235 1293 nec
273 1251 524 1292 beneficium
560 1252 790 1304 petebatur
822 1251 874 1291 ab
909 1251 1159 1304 decumano,
1197 1253 1245 1291 ut
1276 1250 1320 1291 in
1351 1250 1500 1305 iugera

160 1311 332 1364 singula
375 1310 509 1350 ternis
555 1310 780 1350 medimnis
827 1310 1015 1350 decidere
1054 1309 1219 1362 liceret,
1262 1323 1339 1350 nec
1380 1324 1499 1349 num-

159 1384 327 1410 morum
355 1368 640 1410 accessionem
669 1368 902 1423 cogebatur
935 1370 1080 1409 arator
1113 1368 1212 1409 dare
1244 1382 1321 1408 nec
1353 1370 1498 1408 ternas

161 1427 538 1482 quinquagesimas
588 1427 793 1468 frumenti
844 1427 1013 1480 addere,
1064 1429 1106 1467 et
1150 1429 1295 1467 tamen
1338 1427 1497 1480 populo

159 1487 354 1527 Romano
388 1500 569 1539 magnus
602 1486 807 1526 frumenti
839 1500 1040 1526 numerus
1073 1485 1340 1525 mittebatur.

248 1545 357 1593 Quid
395 1559 495 1585 vero
533 1544 642 1585 istae
681 1544 763 1585 sibi
802 1544 1199 1599 quinquagesimae,
1239 1544 1339 1597 quid
1370 1559 1498 1597 porro

158 1618 431 1644 nummorum
454 1603 715 1644 accessiones
737 1604 917 1645 volunt?
951 1618 1033 1657 quo
1054 1603 1095 1643 id
1122 1603 1211 1643 iure
1239 1605 1366 1656 atque
1394 1603 1497 1644 adeo

159 1677 241 1716 quo
280 1663 323 1702 id
360 1662 503 1716 potius
543 1677 660 1703 more
697 1662 866 1703 fecisti?
922 1662 1132 1703 Nummos
1172 1662 1303 1703 dabat
1341 1664 1497 1702 arator.

158 1721 249 1769 Quo
283 1722 408 1761 modo
443 1724 516 1761 aut
549 1721 687 1761 unde?
734 1722 822 1774 qui,
858 1721 894 1762 si
926 1721 1197 1775 largissimus
1231 1735 1322 1761 esse
1354 1721 1497 1773 vellet,
1518 1734 1531 1757 2

157 1780 439 1821 cumulatiore
478 1794 678 1820 mensura
715 1782 925 1833 uteretur,
963 1783 1011 1820 ut
1050 1782 1177 1820 antea
1210 1779 1408 1820 solebant
1439 1780 1498 1819 sa-

157 1853 249 1879 cere
282 1839 327 1878 in
359 1839 566 1891 decumis,
605 1853 700 1879 cum
734 1853 869 1892 aequa
902 1839 995 1893 lege
1029 1841 1071 1879 et
1104 1838 1348 1880 condicione
1381 1838 1497 1879 veni-

157 1897 280 1950 bant,
319 1897 355 1937 is
387 1912 609 1937 nummum
643 1897 802 1938 dabat?
842 1897 980 1938 unde?
1014 1897 1063 1937 de
1095 1897 1341 1937 frumento?
1376 1896 1498 1950 quasi

157 1955 379 1996 habuisset
406 1958 448 1996 te
482 1958 690 2009 praetore,
724 1956 835 2009 quod
868 1956 1081 1997 venderet.
1138 1955 1201 1996 De
1234 1956 1330 1996 vivo
1364 1956 1498 2010 igitur

1522 853 1589 891 10]

1522 1139 1589 1175 15}

1518 1440 1551 1465 20

157 2014 319 2067 aliquid
358 2017 450 2055 erat
488 2015 782 2067 resecandum,
826 2018 874 2055 ut
907 2017 1036 2067 esset,
1074 2015 1183 2055 unde
1219 2014 1411 2068 Apronio
1445 2014 1497 2055 ad
1515 2026 1548 2051 30

156 2073 256 2113 illos
300 2073 465 2113 fructus
508 2073 753 2114 arationum
792 2074 872 2114 lioc
911 2073 1186 2115 corollarium
1223 2088 1495 2114 nummorum

157 2132 395 2172 adderetur.
446 2132 538 2172 Iam
565 2132 607 2172 id
633 2146 760 2185 porro
793 2134 938 2172 utrum
971 2132 1153 2172 libentes
1187 2146 1241 2172 an
1273 2131 1397 2171 inviti
1429 2131 1496 2171 da-

155 2190 290 2231 bant?
346 2189 579 2231 Libentes?
614 2191 829 2244 amabant,
862 2191 997 2243 credo,
1030 2190 1281 2244 Apronium.
1338 2190 1496 2231 Inviti?

157 2264 241 2302 qua
278 2263 322 2289 re
360 2248 444 2289 nisi
482 2249 523 2289 vi
559 2251 602 2289 et
634 2250 748 2290 malo
782 2250 1076 2304 cogebantur?
1132 2249 1223 2289 Iam
1254 2248 1335 2289 iste
1368 2249 1494 2289 homo

157 2307 476 2348 amentissimus
494 2308 537 2347 in
557 2308 791 2348 vendundis
814 2308 999 2349 decumis
1020 2321 1291 2348 nummorum
1311 2306 1495 2348 faciebat
1514 2317 1545 2342 35

157 2366 420 2406 accessiones
449 2366 501 2406 ad
528 2367 721 2420 singulas
750 2367 960 2420 decumas,
991 2380 1127 2420 neque
1161 2366 1361 2419 multum,
1395 2365 1495 2406 bina

157 2426 231 2464 aut
255 2427 378 2465 terna
405 2425 525 2465 milia
551 2440 774 2467 nummum
802 2426 1002 2479 addebat,
1029 2425 1137 2465 fiunt
1162 2439 1238 2479 per
1264 2424 1494 2466 triennium
