1685 2574
218 81 244 122 2
570 81 663 117 PRO
690 82 730 121 P.
757 81 983 123 QUl‘NCTIO
1010 81 1202 117 ORATIO.

214 178 359 218 nullae
389 178 633 231 facultates,
667 178 844 232 exiguae
877 177 1111 218 amicorum
1143 177 1290 231 copiae
1318 180 1429 232 sunt,
1462 192 1556 220 cum

169 250 187 279 3
215 236 459 278 adversario
488 236 803 292 gratiosissimo
831 235 1072 276 contendat.
1109 234 1223 276 Illud
1245 251 1412 290 quoque
1430 236 1556 277 nobis

216 295 378 336 accedit
396 295 726 348 incommodum,
753 293 865 348 quod
885 293 941 334 M.
961 293 1121 348 Iunius,
1147 294 1219 347 qui
1244 294 1355 336 hanc
1377 308 1555 345 causam,

215 352 257 396 C.
288 354 452 407 Aquili,
495 353 754 406 aliquotiens
793 352 905 406 apud
935 354 978 392 te
1011 351 1116 406 egit,
1147 352 1276 394 homo
1310 356 1352 394 et
1383 354 1427 394 in
1459 353 1555 394 aliis

215 412 354 453 causis
384 412 639 453 exercitatus
668 413 709 451 et
734 411 779 451 'm
803 410 884 451 hac
910 410 1093 451 multum
1120 412 1162 450 et
1188 425 1314 466 saepe
1349 414 1555 466 versatus,
1573 427 1589 453 5

214 470 295 512 hoc
320 473 514 524 tempore
541 470 664 510 abest
688 484 801 510 nova
826 469 1042 524 legatione
1067 468 1311 523 impeditus,
1342 472 1384 511 et
1410 470 1463 511 ad
1489 484 1556 512 me

214 531 390 570 ventum
424 531 509 582 est,
546 528 618 581 qui
650 530 698 568 ut
731 542 897 569 summa
928 527 1132 568 haberem
1164 530 1316 582 cetera,
1347 529 1555 583 temporis

214 588 385 641 quidem
411 589 525 628 certe
550 586 621 627 vix
647 586 754 627 satis
780 586 923 639 habui,
954 589 1002 627 ut
1028 600 1119 627 rem
1150 589 1331 640 tantam,
1363 589 1430 628 tot
1461 601 1555 628 con-

167 660 187 688 4
213 645 436 686 troversiis
468 645 754 699 implicatam,
788 659 959 699 possem
991 659 1258 700 cognoscere.
1319 644 1405 698 Ita,
1443 645 1556 699 quod

215 704 321 744 milii
359 704 581 745 consuevit
618 704 662 744 in
700 704 851 745 ceteris
890 704 1029 744 causis
1069 718 1160 744 esse
1205 703 1469 758 adiumento,
1512 703 1556 745 id
1577 719 1607 745 ιο

215 777 382 816 quoque
402 762 447 803 in
466 762 546 803 hac
576 776 704 803 causa
730 762 882 804 deficit.
926 761 1051 815 Nam,
1079 762 1191 815 quod
1216 762 1356 803 minus
1382 763 1554 817 ingenio

213 835 407 875 possum,
452 821 691 862 subsidium
734 821 840 861 mihi
879 820 1103 875 diligentia
1141 821 1404 875 comparavi3
1448 836 1556 875 quae

215 883 377 933 quanta
420 879 495 933 3113,
538 879 621 920 11131
659 882 828 933 tempus
868 882 910 920 et
954 879 1141 932 spatium
1186 879 1333 920 datum
1376 879 1452 933 sit,
1496 880 1556 920 in-

213 938 364 993 tellegi
400 952 487 980 non
524 941 680 992 potest.
725 938 842 986 Quae
881 952 963 990 quo
1002 937 1128 991 plura
1165 940 1282 991 sunt,
1321 936 1364 980 C.
1394 938 1554 991 Aquili,

213 1011 262 1037 eo
295 999 338 1037 te
371 999 413 1037 et
444 997 535 1050 hos,
568 997 640 1050 qui
671 996 752 1036 tibi
783 996 827 1036 in
859 995 1037 1037 consilio
1067 998 1179 1048 sunt,
1211 996 1387 1037 meliore
1413 999 1554 1037 mente
1575 1008 1606 1035 1⁵
1656 1015 1658 1022 ι

211 1058 362 1096 nostra
393 1056 526 1096 verba
558 1055 702 1096 audire
736 1054 970 1109 oportebit,
1008 1056 1056 1095 ut
1088 1054 1236 1095 multis
1275 1055 1555 1096 incommodis

211 1115 371 1155 veritas
417 1114 644 1155 debilitata
687 1113 862 1154 tandem
906 1113 1122 1166 aequitate
1165 1113 1319 1154 talium
1365 1114 1556 1155 virorum

166 1185 185 1214 ἵ)
212 1175 437 1214 recreetur.
500 1171 661 1220 Quodsi
692 1174 741 1213 tu
772 1172 897 1212 iudex
927 1172 1047 1212 nullo
1080 1172 1292 1226 praesidio
1325 1172 1457 1213 fuisse
1497 1173 1556 1214 vi·

212 1231 364 1272 debere
397 1233 548 1272 contra
573 1231 660 1272 vim
687 1233 730 1271 613
756 1230 944 1285 gratiam
971 1230 1193 1271 solitudini
1220 1233 1348 1285 atque
1373 1231 1554 1285 inopiae,

212 1290 249 1331 si
270 1289 383 1344 apud
401 1290 483 1331 hoc
509 1289 735 1331 consilium
762 1303 812 1330 ex
838 1289 1002 1343 opibus,
1028 1303 1115 1330 non
1141 1303 1190 1329 ex
1217 1289 1399 1330 veritate
1426 1304 1553 1330 causa
1574 1307 1606 1332 20
1656 1323 1657 1326 ¹

210 1349 430 1403 pendetur,
451 1348 644 1402 profecto
664 1347 773 1388 nihil
794 1351 859 1388 est
878 1347 963 1388 iam
985 1349 1180 1388 sanctum
1200 1350 1328 1401 atque
1344 1348 1555 1389 sincerum

205 1407 256 1448 in
276 1407 462 1460 civitate,
488 1407 608 1460 nihil,
635 1406 749 1460 quod
767 1406 1059 1447 humilitatem
1085 1406 1334 1460 cuiusquam
1362 1407 1554 1462 gravitas

212 1468 255 1506 et
286 1466 423 1507 virtus
449 1465 600 1506 iudicis
630 1465 886 1506 consoletur.
937 1463 1061 1506 Certe
1088 1467 1162 1505 aut
1188 1465 1301 1519 apud
1325 1467 1369 1506 te
1396 1468 1439 1506 et
1462 1465 1555 1520 hos,

212 1524 284 1578 qui
310 1524 391 1565 tibi
418 1524 585 1577 adsunt,
611 1524 771 1564 veritas
798 1523 960 1564 valebit
987 1526 1061 1564 aut
1088 1538 1137 1564 ex
1162 1523 1243 1565 hoc
1267 1524 1361 1565 1060
1381 1525 1554 1578 repulsa

211 1583 253 1623 vi
285 1585 328 1624 et
354 1583 498 1638 gratia
522 1583 676 1636 locum,
707 1582 782 1623 ubi
808 1581 1027 1636 consistat,
1059 1582 1245 1636 reperire
1270 1597 1356 1624 non
1381 1583 1552 1637 poterit.
1572 1599 1604 1626 25

158 1645 185 1686 2
327 1641 427 1682 Non
453 1656 502 1682 eo
529 1641 633 1694 dico,
661 1640 704 1682 C.
725 1640 885 1694 Aquili,
913 1655 995 1694 quo
1024 1640 1129 1681 mihi
1149 1641 1293 1682 veniat
1313 1641 1358 1682 in
1377 1641 1554 1682 dubium

210 1702 286 1742 tua
316 1700 421 1741 fides
454 1703 496 1740 et
528 1699 783 1752 constantia,
815 1701 889 1740 aut
921 1713 1004 1752 quo
1036 1713 1122 1740 non
1152 1698 1196 1739 in
1228 1699 1307 1753 his,
1340 1714 1446 1754 quos
1473 1700 1554 1741 tibi

210 1759 448 1812 advocasti,
497 1758 600 1800 viris
651 1757 896 1799 lectissimis
942 1757 1130 1798 civitatis
1176 1772 1295 1812 spem
1341 1772 1553 1800 summam

164 1831 184 1861 6
212 1818 369 1858 habere
402 1817 447 1858 P.
473 1816 695 1865 Quinctius
730 1816 894 1857 debeat.
943 1815 1053 1864 Quid
1085 1830 1187 1871 ergo
1221 1817 1314 1858 est?
1360 1816 1551 1858 Primum

210 1875 462 1930 magnitudo
506 1875 685 1930 periculi
729 1889 896 1916 summo
938 1874 1092 1915 timore
1136 1875 1354 1916 hominem
1405 1876 1549 1930 afficit,
1570 1892 1602 1918 30

211 1935 323 1989 quod
355 1949 438 1976 uno
469 1934 624 1976 iudicio
658 1934 707 1974 de
738 1933 924 1975 fortunis
958 1933 1155 1975 omnibus
1189 1934 1394 1988 decernit,
1426 1935 1552 1989 idque

210 1994 311 2034 dum
349 1993 532 2048 cogitat,
574 2007 662 2034 non
698 1992 838 2033 minus
878 2007 1004 2046 saepe
1044 1992 1082 2033 ei
1119 1992 1235 2033 venit
1278 1993 1322 2034 in
1365 1997 1550 2034 mentem

209 2052 440 2107 potestatis
462 2067 591 2106 quam
612 2051 843 2105 aequitatis
864 2053 974 2102 tuae,
1000 2053 1229 2105 propterea
1255 2051 1367 2105 quod
1394 2066 1552 2106 omnes,

211 2125 391 2165 quorum
423 2111 467 2151 in
494 2110 672 2152 alterius
699 2125 828 2151 manu
854 2109 944 2151 vita
969 2109 1112 2164 posita
1139 2113 1214 2164 est,
1248 2110 1416 2164 saepius
1443 2111 1550 2152 illud

210 2170 421 2225 cogitant,
454 2169 554 2224 quid
585 2169 724 2224 possit
754 2169 803 2223 is,
836 2168 952 2210 cuius
984 2169 1028 2208 in
1060 2168 1226 2212 dicione
1256 2183 1304 2210 ac
1335 2172 1551 2223 potestate
1569 2184 1601 2211 35

164 2241 181 2270 7
210 2231 321 2282 sunt,
349 2243 477 2282 quam
504 2228 606 2282 quid
632 2228 784 2269 debeat
809 2226 959 2269 facere.
1008 2226 1171 2268 Deinde
1197 2227 1329 2268 habet
1357 2227 1550 2270 adversa-

209 2286 320 2327 rium
340 2285 386 2327 P.
407 2286 628 2335 Quinctius
655 2286 785 2331 verbo
813 2284 905 2327 Sex.
931 2284 1154 2338 Naevium,
1179 2300 1224 2326 re
1250 2300 1351 2327 vera
1376 2286 1550 2329 huiusce
