1618 2584
391 262 478 296 LIB.
506 262 537 295 ΙΙ
578 262 678 296 CAP.
706 267 843 297 52—54
870 266 888 305 g
917 267 1112 298 128—134.
1334 263 1417 303 247

85 360 237 411 ferunt,
269 359 313 398 in
339 372 466 399 censu
492 358 688 400 habendo
716 362 909 413 potestas
936 359 1074 400 omnis
1105 358 1418 399 aestimationis

83 417 303 458 habendae
349 432 624 471 summaeque
667 418 890 459 faciundae
937 417 1102 459 censori
1140 417 1419 470 permittitur.

83 476 236 529 Itaque
264 478 306 515 et
331 476 527 528 populus,
554 476 620 517 cui
647 476 878 516 maximam
910 476 1038 517 fidem
1070 490 1244 516 suarum
1277 490 1421 516 rerum

82 534 252 586 habeat,
280 534 466 575 maxima
492 549 593 575 cura
620 534 782 588 deligit,
810 537 852 575 et
876 538 1053 588 propter
1079 534 1419 589 magnitudinem

46 604 62 629 ὁ
82 592 311 646 potestatis
339 592 408 633 hic
434 593 716 647 magistratus
744 608 768 633 a
796 594 953 647 populo
986 608 1154 634 summa
1186 592 1420 633 ambitione

82 651 364 692 contenditur.
413 651 464 691 In
491 666 538 692 ea
565 666 609 691 re
635 651 716 691 iste
741 651 848 691 nihil
878 652 1055 693 obscure
1081 651 1221 693 facere
1246 651 1396 703 voluit,
1425 660 1489 691 132

81 724 167 750 non
192 710 236 749 in
264 709 489 750 sortitione
514 709 664 750 fallere
695 724 831 761 neque
865 710 951 750 dies
986 711 1035 751 de
1066 710 1192 750 fastis
1225 710 1420 750 eximere.

80 768 203 808 Nihil
249 782 349 808 sane
393 768 512 808 vafre
555 782 631 808 nec
675 768 891 808 malitiose
934 768 1073 809 facere
1116 771 1294 809 conatus
1337 771 1419 821 est3

82 827 154 867 sed
174 829 222 867 ut
243 826 385 867 studia
406 826 747 880 cupiditatesque
768 826 979 867 honorum
1007 830 1134 881 atque
1161 827 1420 868 ambitiones

31 897 62 921 ιο
82 899 131 926 ex
152 885 399 925 hominibus
426 885 757 938 civitatibusque
783 885 1051 936 tollerentur,
1080 900 1186 938 quae
1213 900 1281 926 res
1309 900 1419 926 ever-

80 943 232 984 tendae
253 943 513 997 reipublicae
538 944 726 984 solerent
753 958 857 997 esse,
884 944 1073 984 ostendit
1099 958 1192 984 sese
1217 944 1262 984 in
1288 944 1420 985 omni-

80 1003 160 1043 bus
182 1002 430 1043 civitatibus
453 1017 648 1043 censores
670 1017 761 1043 esse
781 1002 1006 1043 facturum.
1045 1002 1184 1043 Tanto
1207 1005 1396 1043 mercatu
1425 1005 1490 1036 133

79 1061 291 1115 praetoris
329 1061 489 1102 indicto
529 1061 795 1102 concurritur
830 1061 1015 1115 undique
1048 1061 1100 1102 ad
1132 1061 1265 1102 istum
1298 1059 1421 1115 Syra-

80 1133 222 1172 cusas;
250 1120 465 1174 flagrabat
485 1122 580 1160 tota
607 1120 756 1160 domus
784 1120 1001 1173 praetoria
1029 1120 1169 1160 studio
1197 1120 1421 1161 hominum

29 1189 59 1214 15
81 1181 123 1219 et
161 1178 411 1231 cupiditate,
451 1192 528 1218 nec
566 1178 722 1219 mirum
763 1178 961 1219 omnibus
1002 1179 1186 1219 comitiis
1224 1181 1291 1219 tot
1324 1178 1420 1219 civi-

80 1239 219 1277 tatum
256 1251 384 1277 unam
417 1237 462 1277 in
494 1236 668 1277 domum
700 1238 911 1277 revocatis
944 1240 1152 1290 tantaque
1185 1237 1420 1277 ambitione

80 1295 323 1349 provinciae
358 1295 492 1336 totius
526 1295 570 1335 in
601 1310 685 1336 uno
719 1296 913 1336 cubiculo
947 1296 1123 1337 inclusa.
1178 1295 1420 1349 Exquisitis

79 1354 225 1408 palam
263 1354 413 1407 pretiis
453 1357 494 1394 et
533 1354 845 1395 licitationibus
877 1354 1003 1395 factis
1037 1354 1298 1395 discribebat
1331 1368 1422 1395 cen-

81 1427 198 1453 sores
225 1412 350 1453 binos
375 1412 421 1453 in
453 1413 645 1467 singulas
679 1412 874 1453 civitates
908 1412 1213 1454 Timarchides.
1268 1412 1310 1453 Is
1345 1427 1420 1454 suo

28 1483 60 1507 20
79 1471 228 1511 labore
250 1471 421 1524 suisque
442 1471 756 1512 accessionibus
779 1471 905 1512 huius
931 1471 1096 1526 negotii
1123 1474 1252 1524 atque
1279 1471 1420 1525 operis

81 1529 281 1570 molestia
309 1530 661 1583 consequebatur,
693 1533 741 1570 ut
771 1530 824 1570 ad
855 1530 987 1570 istum
1021 1530 1110 1570 sine
1142 1530 1233 1570 ulla
1267 1529 1422 1571 sollici—

79 1588 227 1628 tudine
267 1602 434 1628 summa
471 1588 675 1642 pecuniae
713 1588 955 1629 referretur.
1020 1588 1113 1629 Iam
1151 1588 1221 1629 hic
1255 1587 1421 1628 Timar-

80 1646 224 1687 chides
253 1650 460 1700 quantam
487 1646 711 1700 pecuniam
743 1646 904 1699 fecerit,
936 1647 1064 1701 plane
1098 1646 1235 1687 adhuc
1268 1661 1421 1701 cogno-

81 1719 196 1746 scere
234 1719 321 1746 non
358 1705 579 1758 potuistis,
617 1719 765 1746 verum
803 1708 951 1746 tamen
985 1706 1029 1745 in
1067 1705 1209 1758 priore
1243 1705 1421 1757 actione,

27 1774 61 1798 25
82 1777 210 1817 quam
236 1764 364 1817 varie,
398 1778 526 1817 quam
552 1764 748 1817 improbe
773 1764 1005 1818 praedatus
1033 1766 1158 1817 esset,
1184 1764 1420 1805 multorum

81 1822 341 1863 testimoniis
375 1822 650 1877 cognovistis.

169 1879 250 1921 Sed
289 1895 341 1921 ne
379 1881 612 1933 miremini,
652 1895 736 1934 qua
776 1881 943 1922 ratione
981 1881 1051 1922 hic
1082 1883 1253 1922 tantum
1286 1881 1397 1935 apud
1426 1861 1492 1944 1Ξὲ

79 1939 212 1979 istum
240 1939 420 1980 libertus
453 1940 655 1994 potuerit,
688 1954 898 1993 exponam
930 1939 1052 1980 vobis
1085 1940 1287 1994 breviter,
1321 1940 1422 1994 quid

80 1997 266 2039 hominis
305 1997 380 2052 sit,
417 2001 465 2038 ut
498 2001 540 2038 et
572 1998 696 2039 istius
728 1999 984 2052 nequitiam,
1018 1998 1091 2052 qui
1121 1998 1246 2039 illum
1279 2013 1420 2039 secum

27 2066 61 2091 ³0
80 2056 292 2110 habuerit,
319 2071 368 2097 eo
388 2058 642 2110 praesertim
661 2071 839 2098 numero
861 2072 909 2098 ac
929 2058 1036 2109 loco,
1063 2060 1106 2097 et
1127 2057 1420 2098 calamitatem

79 2115 324 2168 provinciae
351 2116 634 2170 cognoscatis.
683 2115 734 2156 In
760 2116 987 2156 mulierum
1015 2115 1270 2168 corruptelis
1304 2118 1346 2156 et
1378 2115 1422 2156 in

81 2174 197 2214 omni
236 2174 324 2214 eius
364 2174 481 2215 modi
519 2174 687 2214 luxuria
720 2176 848 2227 atque
879 2174 1072 2227 nequitia
1104 2174 1345 2215 mirandum
1377 2174 1421 2214 in

80 2232 253 2273 modum
281 2233 547 2285 reperiebam
574 2232 686 2273 hunc
714 2232 1030 2274 Timarchidem
1060 2232 1113 2273 ad
1144 2232 1269 2273 istius
1301 2232 1421 2287 flagi-

80 2291 213 2332 tiosas
240 2291 440 2332 libidines
469 2291 817 2346 singularemque
844 2291 1080 2344 nequitiam
1109 2294 1260 2332 natum
1293 2293 1421 2345 atque

28 2358 60 2384 85
81 2352 230 2403 aptum
249 2350 400 2403 fuisse3
427 2350 701 2404 investigare,
727 2350 854 2403 adire,
882 2350 1111 2404 appellare,
1138 2364 1421 2403 corrumpere,

80 2407 246 2460 quidvis
290 2409 430 2449 facere
473 2409 519 2449 in
564 2409 652 2449 eius
698 2408 814 2449 modi
856 2409 982 2449 rebus
1023 2408 1217 2462 quamvis
1256 2408 1420 2461 callide,

80 2466 274 2519 quamvis
303 2467 521 2521 audacter,
555 2467 749 2521 quamvis
778 2467 1066 2521 impudenter3
1099 2467 1279 2508 eundem
1311 2467 1421 2508 mira
