1618 2584
373 243 461 277 [ΑΒ.
483 243 515 277 V
556 242 658 277 CAP.
685 246 822 277 30-32
850 246 868 283 {5
896 246 1043 277 ἰε-83.
1233 274 1236 276 .
1295 242 1381 282 459

42 341 213 394 praeter
244 353 373 379 unam
407 339 528 379 mimi
559 337 713 379 Isidori
744 338 898 391 filiam,
930 352 1059 391 quam
1090 338 1172 378 iste
1204 339 1381 390 propter

43 411 231 438 amorem
278 397 331 438 ab
377 396 545 438 Rhodio
590 396 765 437 tibicine
810 396 1056 436 abduxerat.
1121 394 1230 435 Erat
1275 395 1379 448 Pipa

42 455 263 510 quaedam,
290 470 397 497 uxor
415 455 693 496 Aeschrionis
721 453 988 508 Syracusani,
1016 454 1065 494 de
1093 468 1177 508 qua
1203 452 1381 494 muliere

41 514 217 568 plurimi
258 528 422 567 versus,
462 514 534 568 qui
571 514 615 554 in
652 513 777 554 istius
816 513 1096 567 cupiditatem
1132 511 1238 553 facti
1270 513 1379 563 sunt,

5 575 136 614 ¹‘’tota
174 570 319 614 Sicilia
362 572 728 627 percelebrantur3
772 574 864 612 erat
901 570 1023 625 Nice,
1067 570 1177 611 facie
1214 569 1381 622 eximia,
1408 579 1450 609 82

41 633 89 672 ut
145 631 434 685 praedicatur,
491 645 598 671 uxor
647 630 867 672 Cleomeni
917 628 1185 683 Syracusani.
1258 628 1381 669 Hanc

43 689 328 741 [Cleomenes]
368 689 434 730 vir
466 689 658 742 amabat,
695 702 843 729 verum
875 690 1021 729 tamen
1052 687 1179 728 huius
1211 686 1381 728 libidini

41 747 260 789 adversari
295 762 373 789 nec
409 750 582 802 poterat
618 761 695 788 nec
733 747 919 788 audebat
957 749 999 787 et
1038 746 1166 787 simul
1206 746 1259 787 ab
1294 745 1379 786 isto

41 806 162 847 donis
200 806 501 859 beneficiisque
539 805 687 846 multis
726 805 1057 846 devinciebatur.
1119 804 1202 845 Illo
1236 806 1380 845 autem

0 874 21 900 >0
39 867 233 919 tempore
256 864 350 917 iste,
376 864 552 905 tametsi
579 878 628 905 ea
655 866 720 905 est
746 863 932 905 hominis
960 863 1224 917 inpudentia,
1252 877 1380 916 quam

38 923 194 977 nostis,
232 923 323 977 ipse
359 926 504 964 tamen
542 937 637 964 cum
674 922 740 963 vir
777 925 890 963 esset
923 921 1163 976 Syracusis,
1201 935 1378 962 uxorem

39 982 130 1023 eius
172 996 326 1036 parum
370 984 542 1036 poterat
586 981 728 1022 animo
775 981 916 1022 soluto
963 995 1011 1022 ac
1055 980 1192 1021 libero
1230 982 1299 1020 tot
1336 980 1381 1019 in

40 1043 137 1082 acta
164 1041 252 1081 dies
286 1055 428 1081 secum
459 1040 629 1081 habere.
679 1039 832 1094 Itaque
865 1040 1083 1094 excogitat
1114 1053 1206 1079 rem
1239 1038 1380 1091 singu—

41 1099 192 1152 larem3
242 1113 392 1153 naves,
436 1099 589 1153 quibus
634 1098 804 1154 legatus
852 1098 1116 1152 praefuerat,
1160 1096 1381 1139 Cleomeni

0 1167 20 1192 v⁵
40 1157 185 1210 tradit,
218 1157 346 1199 classi
377 1157 527 1212 populi
552 1157 736 1198 Romani
765 1156 1037 1198 Cleomenem
1065 1156 1379 1210 Syracusanum

39 1230 237 1271 praeesse
268 1216 388 1256 iubet
421 1219 548 1270 atque
581 1216 804 1270 imperare.
860 1214 954 1256 Hoc
987 1230 1035 1256 eo
1067 1214 1190 1268 facit,
1225 1217 1273 1255 ut
1305 1214 1379 1255 ille

38 1290 124 1316 non
152 1275 291 1316 solum
319 1275 489 1315 abesset
516 1289 540 1315 a
568 1274 705 1327 domo,
739 1274 838 1314 dum
870 1273 1110 1328 navigaret,
1143 1272 1216 1314 sed
1249 1272 1379 1314 etiam

39 1333 224 1375 libenter
250 1347 346 1374 cum
372 1347 529 1388 magno
556 1332 716 1373 honore
749 1332 1039 1386 beneficioque
1073 1332 1256 1385 abesset,
1288 1332 1379 1385 ipse

40 1395 183 1433 autem
209 1394 376 1433 remoto
403 1395 531 1446 atque
559 1391 762 1446 ablegato
795 1391 887 1431 viro
920 1405 1007 1431 uon
1039 1390 1216 1431 liberius
1251 1404 1379 1443 quam

0 1461 21 1486 =⁰
40 1453 168 1492 antea
211 1449 326 1504 (quis
372 1450 484 1491 enim
527 1464 732 1504 umquam
772 1449 898 1490 istius
936 1449 1106 1489 libidini
1146 1447 1380 1503 opstitit?),

40 1509 113 1550 sed
138 1509 268 1563 paulo
296 1509 501 1550 solutiore
526 1511 672 1549 tamen
699 1508 840 1549 animo
868 1522 1011 1550 secum
1036 1508 1159 1548 illam
1188 1507 1380 1559 haberet,

40 1569 76 1609 si
112 1582 199 1609 non
235 1570 458 1621 tamquam
495 1567 653 1621 virum,
693 1567 765 1607 sed
803 1569 1026 1620 tamquam
1065 1566 1281 1607 aemulum
1319 1580 1380 1606 re-

40 1626 259 1668 movisset.

128 1685 299 1739 Accipit
350 1685 471 1725 navis
524 1685 736 1726 sociorum
787 1686 916 1738 atque
967 1684 1202 1726 amicorum
1257 1682 1379 1725 Cleo·
1406 1691 1449 1722 83

0 1754 20 1779 =5
41 1758 185 1785 menes
218 1742 522 1798 Syracusanus.
587 1742 696 1791 Quid
734 1742 921 1797 primum
961 1745 1036 1784 aut
1073 1757 1267 1784 accusem
1306 1744 1380 1783 aut
1395 1739 1449 1779 3⁶2

40 1802 223 1857 querar?
274 1800 471 1843 Siculone
502 1801 667 1843 homini
699 1801 847 1856 legati,
881 1802 1134 1856 quaestoris,
1166 1801 1380 1856 praetoris

41 1861 219 1915 denique
251 1863 533 1915 potestatem,
564 1860 791 1914 honorem,
824 1860 1128 1902 auctoritatem
1162 1860 1283 1901 dari?
1336 1857 1381 1900 Si

39 1923 82 1961 te
101 1919 364 1974 impediebat
384 1919 469 1959 ista
489 1919 782 1960 conviviorum
803 1919 1115 1973 mulierumque
1144 1917 1380 1973 occupatio,

39 1978 112 2019 ubi
142 1981 407 2032 quaestoreS,
440 1978 514 2019 ubi
546 1978 697 2033 legati,
731 1978 823 2029 [ubi
854 1978 988 2019 ternis
1022 1978 1208 2019 denariis
1242 1979 1380 2018 aestu-

0 2048 21 2073 =0
40 2040 205 2078 matum
248 2036 530 2089 frumentum,
574 2036 649 2077 ubi
687 2036 811 2090 muli,
855 2036 929 2077 ubi
967 2036 1263 2088 tabernacula,
1307 2035 1381 2076 ubi

39 2098 107 2137 tot
151 2097 357 2149 tantaque
404 2097 656 2136 ornamenta
699 2095 1029 2149 magistratibus
1074 2098 1117 2136 et
1160 2094 1317 2149 legatis
1357 2109 1381 2134 a

40 2156 193 2195 senatu
218 2154 463 2209 populoque
490 2153 685 2195 Romano
719 2154 929 2207 permissa
961 2156 1004 2195 et
1037 2153 1165 2206 data]
1200 2153 1380 2206 denique

39 2213 113 2254 ubi
133 2212 352 2267 praefecti,
379 2212 453 2253 ubi
472 2212 638 2253 tribuni
657 2212 749 2253 tui'?
794 2211 838 2253 Si
859 2212 963 2254 civis
983 2212 1204 2254 Romanus
1226 2212 1380 2266 dignus

38 2271 125 2313 isto
162 2271 338 2326 negotio
376 2285 501 2312 nemo
533 2270 634 2324 fuit,
673 2271 774 2324 quid
806 2271 1020 2325 civitates,
1059 2285 1168 2325 quae
1199 2271 1244 2311 in
1276 2270 1382 2311 ami-

0 2340 20 2366 =5
40 2330 142 2372 citia
167 2330 334 2384 fideque
367 2329 517 2384 populi
543 2329 726 2371 Romani
757 2333 965 2384 perpetuo
998 2329 1274 2371 manserant?
1307 2328 1382 2370 ubi

39 2387 288 2444 Segestana,
321 2388 395 2429 ubi
422 2388 702 2443 Centuripina
733 2388 915 2430 civitas?
948 2403 1055 2442 quae
1088 2403 1183 2430 cum
1217 2387 1381 2441 officiis,

37 2446 138 2500 fide,
170 2449 405 2501 vetustate,
437 2450 530 2488 tum
564 2446 693 2488 etiam
726 2448 983 2503 cognatione
1014 2447 1164 2502 populi
1196 2446 1381 2488 Romani
