1675 2574
506 110 783 145 ADNOTATIO
811 110 1010 146 CRITICA.
1316 111 1434 145 XXIII

86 218 144 253 fin.
176 222 254 253 166.
281 221 339 260 33,
366 216 472 251 Tusc.
499 220 579 252 283.
607 220 663 259 28,
690 226 765 261 rep.
792 220 872 251 273.
893 221 954 258 373
982 215 1026 251 cf.
1053 226 1165 261 supra
1188 227 1223 261 p.
1249 220 1305 251 23.
1326 220 1346 251 9
1372 218 1436 262 qui

83 265 241 300 decernit
266 284 310 290 -
337 265 401 309 qui
426 265 489 307 sit,
515 275 552 308 p.
575 268 654 298 273.
678 268 695 297 1
712 274 792 307 sqq.
817 264 881 308 qui
904 264 982 298 vult
1007 283 1051 289 —
1077 265 1141 308 qui
1165 267 1277 308 putat
1301 283 1346 289 —
1372 266 1436 308 qui

81 312 200 347 doleat
225 331 269 337 -
296 312 361 357 qui
385 312 481 353 velit,
509 315 588 346 318.
611 314 653 344 22
667 321 747 354 sqq.
773 311 904 355 quibus
927 311 1041 354 fuerit
1065 330 1110 336 —
1135 311 1267 354 quibus
1290 311 1434 354 fecerat,

83 362 163 393 467.
183 363 202 394 6
224 369 278 402 sq.
306 359 371 403 qui
395 358 601 393 habuerunt
626 378 671 383 —
696 358 760 403 qui
783 358 960 400 habuerit,
985 356 1074 391 fam.
1100 356 1186 391 VIII
1212 362 1255 392 16
1282 357 1379 401 (Att.
1402 357 1435 392 X

83 405 181 449 9A).
207 409 228 439 2
255 415 310 440 ex.
344 416 447 450 quem
471 405 625 440 noluisti
649 424 694 430 —-
719 415 807 449 quos
837 405 1012 448 nolueris,
1047 404 1123 438 red.
1155 403 1196 438 in
1227 414 1303 439 sen.
1331 409 1362 439 6.
1392 409 1435 439 14

82 452 205 487 Habet
224 453 416 499 magistros
434 463 510 487 non
529 463 573 486 ea:
591 452 684 495 istis,
704 453 768 495 qui
786 452 1041 495 adhortantwr,
1060 452 1121 486 sed
1139 462 1208 494 eos,
1227 452 1292 496 qui
1309 452 1434 496 dispu-

82 503 167 542 tent,
194 498 271 533 har.
298 509 394 543 resp.
418 503 448 533 1.
470 502 490 532 2
512 508 567 532 ex,
593 509 668 533 non
693 499 831 542 dubito,
856 500 947 543 quin
964 510 1007 534 ea
1029 499 1112 541 tela,
1138 509 1229 543 quae
1248 499 1437 533 coniecerit

81 546 274 589 inimicus,
299 556 408 591 quam
433 556 493 588 ea,
519 556 610 589 quae
635 545 770 590 colleya
793 547 927 589 emisit,
959 547 1094 582 leviora
1125 556 1198 581 esse
1230 546 1435 588 videantur,

84 597 138 627 17.
167 596 210 627 37
243 593 303 636 id,
336 593 430 637 quod
462 592 641 635 excludit,
673 602 741 636 quo
773 603 848 627 non
873 594 992 638 possit
1021 594 1180 636 intrare,
1211 593 1305 637 quod
1335 604 1437 628 nemo

81 640 249 682 violavit,
281 638 352 683 leg.
381 650 459 683 agr.
485 638 519 672 H
545 642 600 673 24.
629 642 674 673 64
706 642 799 682 tum,
831 651 911 675 cum
935 641 1079 675 haberet
1103 660 1148 665 -
1174 644 1206 675 et
1230 644 1324 683 tum,
1356 650 1437 675 cum

81 690 171 730 erat,
198 685 278 731 Lig.
309 690 362 720 11.
390 690 432 720 31
460 686 536 729 illi,
562 686 626 730 qui
649 686 846 730 fruuntur,
873 691 931 730 tu,
957 688 1020 731 qui
1046 687 1218 722 concedas
1245 687 1267 730 (,
1283 685 1323 728 Q.
1349 685 1394 721 fr.
1420 686 1437 720 Ι

83 738 115 769 1.
136 737 156 768 5
184 744 276 768 cort.
304 735 452 777 teneat),
479 742 525 766 ne
544 731 639 766 talia
666 731 836 767 afferam:
863 735 927 778 qui
946 735 1079 769 sentiat
1097 754 1142 759 —
1168 735 1232 778 qui
1250 734 1373 769 veniat
1392 754 1437 759 —

83 792 107 816 a
131 791 200 825 quo
223 784 389 825 repetunt
413 791 449 824 p.
477 783 556 814 393.
587 784 628 814 17
646 790 725 823 sqq.
775 779 835 813 Ad
859 791 895 824 p.
922 784 978 815 53.
1006 785 1068 824 36,
1097 785 1151 815 67.
1178 785 1241 824 27,
1273 784 1353 815 413.
1382 785 1437 823 15,

82 831 163 862 482.
190 831 222 861 2.
251 847 293 852 ——
320 826 358 860 P.
388 831 443 861 86.
471 831 492 861 4
519 830 658 861 mutum
685 837 771 870 scr.,
799 839 916 862 unum
942 827 1048 862 codd.
1076 829 1114 862 et
1138 827 1240 870 edd.‚
1275 828 1439 863 Minoem

81 873 186 908 Paul.
213 884 335 919 progr.
357 872 478 908 Berol.
502 877 593 908 1875
613 884 649 918 p.
673 878 726 908 14.
748 893 791 899 -
817 873 856 908 P.
884 878 938 909 87.
962 878 982 908 5
1012 874 1109 918 Quid
1127 879 1180 918 tu,
1206 874 1348 918 Saturi,
1368 875 1440 909 -ἓ

81 920 216 964 Klotz„
237 921 366 966 Kays.;
388 920 435 955 ad
455 931 490 965 p.
512 924 567 955 28.
585 925 615 954 1.
639 941 684 947 —
703 919 742 954 P.
757 925 813 956 87.
831 924 873 955 18
888 922 1051 966 primum
1072 932 1141 955 om.
1163 921 1237 964 all.,
1258 921 1378 956 Klotz.
1394 942 1439 947 —

82 967 122 1003 P.
145 972 200 1003 87.
223 972 266 1003 37
293 969 400 1003 istius
424 977 492 1012 pro
512 968 621 1002 huius
639 966 790 1002 Halmio
811 969 908 1002 auct.
929 968 1040 1013 Kays.
1061 979 1136 1003 non
1154 969 1263 1011 1·eet.;
1288 979 1439 1013 respon-

83 1015 175 1050 dent
187 1015 285 1049 inter
299 1026 338 1049 se
351 1016 420 1050 illa
434 1035 478 1040 -—
492 1015 602 1049 huius
615 1016 657 1049 ut
670 1026 705 1060 p.
721 1019 777 1050 69.
793 1019 848 1059 10,
865 1020 941 1050 179.
954 1020 1011 1058 21,
1026 1020 1173 1059 274.13,
1189 1019 1268 1050 380.
1282 1020 1438 1060 63p1·a.e-

83 1065 188 1097 terea
213 1062 258 1097 of.
279 1062 402 1096 Halm.
431 1061 479 1096 ad
506 1061 539 1096 S.
561 1061 669 1096 Rose.
691 1066 721 1097 6.
746 1067 787 1096 17
810 1073 877 1106 ex„
903 1062 1025 1097 Halm.
1053 1064 1091 1096 eb
1115 1062 1249 1097 Eberh.
1271 1063 1319 1097 ad
1337 1063 1440 1098 Verr.

83 1109 135 1144 IV
161 1114 194 1144 4.
223 1114 255 1152 7,
282 1109 312 1143 V
343 1113 396 1143 13.
424 1113 486 1152 32,
512 1108 570 1143 ist.
597 1120 632 1154 p.
662 1113 740 1143 144.
768 1114 805 1153 8,
835 1114 912 1145 168.
941 1114 996 1153 12,
1023 1113 1102 1144 202.
1130 1114 1174 1145 23
1190 1121 1256 1153 sq„
1283 1113 1362 1144 211.
1383 1115 1440 1154 27,

84 1160 164 1191 262.
188 1161 207 1191 7
229 1157 267 1190 et
281 1160 337 1199 29,
358 1160 438 1191 273.
454 1160 497 1191 33
514 1167 606 1200 sqq„
634 1160 712 1191 274.
734 1161 766 1199 9,
789 1161 869 1192 276.
892 1162 923 1200 7,
950 1161 1029 1192 279.
1051 1161 1083 1200 6,
1105 1160 1184 1192 292.
1206 1161 1263 1199 23,
1284 1161 1363 1192 320.
1385 1161 1440 1200 27,

59 1207 163 1239 .326.
193 1207 254 1247 10,
281 1207 360 1238 342.
390 1207 433 1237 10
461 1204 499 1237 et
524 1208 586 1246 25,
613 1207 692 1238 459.
721 1208 740 1238 7
769 1204 821 1247 (v.
849 1207 870 1238 8
896 1206 999 1249 iste),
1031 1208 1112 1239 463.
1142 1208 1178 1248 1,
1206 1208 1285 1238 497.
1314 1208 1368 1238 20.
1397 1224 1440 1229 —

85 1250 124 1284 P.
154 1253 210 1285 88.
237 1254 258 1285 2
291 1252 424 1285 mirum
447 1251 538 1285 mihi
568 1249 713 1293 Madv.,
748 1250 877 1296 Kays.,
902 1251 1042 1294 Klotz„
1067 1252 1158 1286 mihi·
1188 1251 1312 1294 codd,
1347 1252 1443 1285 nihil

85 1297 183 1332 Bait.
211 1317 255 1323 —
283 1296 321 1331 P.
349 1301 405 1332 88.
430 1302 471 1332 13
498 1299 669 1343 arquitur
694 1309 788 1332 unus
815 1299 895 1333 eod.
916 1298 1027 1342 Med„
1053 1298 1165 1342 Kays.
1187 1319 1232 1324 —
1258 1297 1296 1332 P.
1319 1301 1374 1332 89.
1399 1303 1441 1332 10

87 1346 129 1380 in
154 1344 297 1388 Lamb.,
324 1355 394 1378 om.
422 1343 541 1388 codd,
567 1344 682 1388 Bait„
709 1344 833 1390 Kays„
859 1345 998 1390 KIo'cz.3
1032 1345 1080 1379 ad
1104 1357 1139 1390 p.
1168 1349 1222 1380 16.
1251 1349 1305 1380 36.
1333 1365 1377 1371 -
1403 1344 1441 1378 P.

85 1396 140 1427 89.
170 1395 212 1426 21
240 1402 315 1426 non
341 1391 412 1425 del.
439 1391 551 1435 Man„
577 1391 689 1435 Bait„
714 1392 835 1427 Klotz.
863 1393 932 1438 (ad
956 1405 992 1438 p.
1014 1398 1069 1428 31.
1092 1395 1167 1435 13).
1189 1413 1233 1418 --
1258 1391 1297 1426 P.
1319 1397 1374 1428 89.
1397 1397 1441 1426 36

85 1439 222 1474 deberi
245 1438 387 1481 Lamo,
412 1438 528 1481 Bait.;
555 1438 600 1472 cf.
629 1438 677 1472 ad
694 1450 729 1483 p.
753 1444 807 1474 51.
830 1445 885 1474 19.
912 1461 957 1466 -
982 1439 1021 1474 Ρ.
1044 1443 1099 1474 91.
1121 1444 1164 1474 27
1190 1451 1229 1475 re
1247 1450 1314 1484 pro
1334 1441 1442 1474 socie-

86 1490 160 1521 tate
181 1485 303 1519 Klotz.
324 1505 369 1510 —
395 1484 434 1518 P.
456 1489 511 1519 91.
533 1488 577 1519 28
597 1489 630 1520 et
645 1497 716 1530 pro
735 1498 788 1521 me
808 1487 914 1521 codd.
935 1488 1084 1531 praeter
1104 1486 1239 1521 Genev.
1262 1486 1304 1529 G,
1330 1485 1440 1528 Bait„

86 1537 120 1568 et
145 1543 215 1566 om.
243 1532 319 1575 all„
345 1531 475 1576 Kays.,
502 1531 641 1575 Klotz.;
675 1532 723 1566 ad
747 1544 782 1578 p.
810 1538 865 1568 44.
895 1538 948 1568 17.
976 1554 1020 1559 —
1052 1533 1104 1567 Π).
1134 1534 1212 1568 Pro
1236 1533 1315 1568 me?
1340 1533 1442 1574 edd.;

86 1579 134 1613 ad
159 1590 194 1623 p.
223 1583 277 1613 55.
303 1582 356 1613 19.
376 1598 422 1604 —
447 1578 486 1612 P.
509 1582 564 1613 91.
586 1583 630 1613 29
656 1590 724 1613 nos
750 1581 792 1614 ut
811 1580 1072 1623 Boemoraeus,
1100 1580 1239 1624 Lamb.,
1260 1579 1443 1623 Momms.,

86 1625 221 1668 Klotz„
243 1626 383 1661 licitum
402 1629 471 1668 est,·
491 1626 570 1660 iure
588 1627 750 1668 fecerunt
767 1629 892 1671 multi‚·
916 1629 1013 1662 nihil
1030 1626 1140 1670 Bait„
1160 1628 1264 1672 [iure
1282 1629 1445 1670 fecerunt

85 1673 213 1718 multi]
236 1672 365 1717 Kays.,
392 1673 576 1717 [fecerunt
599 1673 727 1719 multi]
753 1673 921 1708 Schuetz.
948 1695 994 1700 —
1019 1675 1059 1709 P.
1081 1678 1136 1709 91.
1159 1678 1202 1709 36
1238 1674 1328 1709 Vero
1371 1675 1440 1710 del.

86 1719 129 1755 Si·
152 1721 194 1763 fit
218 1720 283 1755 hoc
307 1718 423 1762 Bait,
456 1720 513 1764 [si
536 1720 578 1763 fit
602 1720 667 1754 hoc
691 1721 796 1766 vero]
827 1721 938 1765 Kays.
965 1742 1010 1748 —
1042 1721 1081 1755 P.
1110 1725 1165 1756 92.
1192 1725 1237 1755 23
1264 1733 1288 1756 α
1312 1732 1348 1756 se
1373 1732 1443 1755 om.

85 1766 186 1801 Bait.
215 1787 260 1792 -
285 1765 324 1800 P.
351 1770 407 1801 92.
434 1770 479 1800 29
508 1767 704 1802 Praeclare
734 1769 869 1804 sciebat
892 1768 1003 1814 Kays.
1030 1789 1075 1795 —
1106 1767 1146 1802 P.
1173 1772 1228 1803 92.
1256 1773 1299 1803 37
1326 1769 1445 1814 [testi-

85 1813 236 1860 monia]
267 1812 379 1858 Kays.
414 1833 458 1839 -
492 1812 531 1848 P.
559 1818 615 1848 93.
643 1818 663 1848 5
696 1827 812 1851 annos
842 1827 959 1861 marg.
990 1815 1138 1859 Lamb.,
1176 1815 1241 1849 IV
1267 1825 1334 1860 pro
1368 1815 1449 1849 XV

90 1861 253 1904 Hotom,
281 1860 344 1895 all.
367 1880 412 1886 —
442 1859 481 1894 P.
503 1864 558 1895 93.
580 1865 625 1896 20
651 1873 695 1897 ac
714 1873 782 1897 sor.
810 1863 878 1906 (ad
897 1875 932 1908 p.
954 1867 1009 1898 38.
1031 1865 1084 1908 9),
1104 1873 1176 1907 pro
1195 1863 1316 1898 labore
1333 1861 1446 1906 Man,

91 1908 212 1952 Bait„
239 1908 381 1951 Klotz„
406 1908 574 1954 [labore]
598 1908 711 1954 Kays.
743 1930 788 1936 —
819 1909 859 1944 P.
886 1915 941 1945 93.
969 1915 1012 1945 22
1048 1909 1274 1945 CCIOOIOO
1306 1909 1446 1952 Lamb.,

93 1955 233 1999 Klotz„
259 1954 385 2000 Kays„
411 1956 435 2001 †
462 1955 665 1990 CCGIOOIJ
691 1956 789 1991 Bait.
816 1978 861 1984 —
888 1957 929 1999 Q.
957 1962 1012 1992 93.
1040 1962 1084 1992 29
1119 1958 1217 2002 Quid
1240 1956 1343 1992 tum?
1372 1967 1447 1992 non

92 2002 235 2046 Lamb.,
256 2002 381 2046 Kays,
405 2001 529 2047 Quid?
547 2007 589 2038 tu
607 2014 683 2038 non
702 2004 820 2048 codd,
840 2004 951 2049 Bait„
970 2004 1092 2039 Klotz.
1111 2004 1194 2039 fals.
1212 2024 1256 2030 —
1275 2003 1315 2038 P.
1331 2008 1386 2038 93.
1403 2008 1446 2038 30

92 2051 262 2086 debemus
293 2049 422 2094 Kays.,
462 2050 594 2085 debetis
624 2049 725 2085 idem
755 2062 917 2096 prooem.
954 2063 988 2096 p.
1016 2051 1085 2086 VII
1109 2063 1144 2087 11.
1173 2056 1203 2086 7.
1236 2071 1280 2078 —
1310 2050 1364 2085 Tb.
1392 2062 1445 2094 sq.

89 2108 225 2142 neque,
251 2099 284 2132 si
308 2098 369 2131 ille
387 2098 557 2142 persequi
580 2098 717 2142 noluit,
747 2110 823 2134 non
854 2099 899 2134 de
924 2098 1023 2133 Man.
1057 2098 1151 2133 coni.
1177 2097 1287 2142 Bait,
1313 2097 1447 2141 Klotz„

91 2147 163 2178 aut,
189 2146 232 2180 in
258 2156 296 2180 eo
315 2145 533 2189 sequendum
559 2145 624 2179 aut
642 2148 928 2192 persequendum
947 2146 1066 2188 codd,
1091 2157 1203 2191 neque
1227 2146 1260 2180 si
1283 2147 1344 2180 ille
1363 2157 1446 2190 per-

90 2193 314 2237 sequendum
339 2192 434 2236 quod
458 2193 500 2226 in
520 2203 559 2227 re
582 2192 657 2235 fuit
675 2204 749 2229 non
762 2195 922 2239 putavit,
948 2194 1196 2228 iudicabimus
1215 2194 1448 2236 (iudicabitis

87 2249 124 2284 p.
147 2239 216 2273 VH
229 2250 266 2274 n.
284 2241 318 2285 7)
339 2238 445 2274 Rosc.
464 2238 577 2283 Kays.
593 2259 637 2265 —
657 2238 696 2274 P.
712 2245 766 2276 93.
781 2245 826 2275 35
846 2246 1010 2276 tamenne
1030 2240 1176 2275 scrbnd.
1195 2239 1345 2274 videtur
1365 2251 1449 2274 cum

87 2286 223 2321 Lamb.
240 2288 283 2321 1113
295 2298 331 2332 p.
344 2289 423 2320 285.
436 2289 479 2321 23
496 2288 550 2331 (p.
563 2291 618 2320 45.
635 2289 711 2333 34).
727 2308 771 2314 —
785 2287 824 2322 P.
838 2292 892 2323 93.
905 2292 948 2322 36
962 2287 1026 2334 [Q.
1040 2288 1188 2334 Roscii]
1200 2286 1309 2331 Bait„
1323 2287 1446 2332 Kays„

88 2333 210 2370 Klotz.
235 2354 279 2360 —
305 2333 344 2368 P.
367 2336 422 2368 94.
445 2339 464 2370 6
491 2335 696 2370 dissolverit
718 2334 857 2378 Lamb.,
884 2334 993 2378 Bait„
1018 2334 1140 2380 Kays.‚
1166 2334 1287 2369 Klotz.
1315 2335 1369 2379 (p.
1390 2338 1447 2369 53.
