1685 2574
147 165 172 181 Η

149 183 174 208 Ο

134 219 172 248 11

132 355 202 446 ((ῗέ

137 1028 177 1058 12

137 1732 177 1762 13

208 101 231 136 4
555 94 647 129 PRO
675 94 714 127 P.
742 93 968 135 QUINCTIO
996 93 1185 128 ORATIO.

203 191 448 234 confirmari
486 190 722 245 patiamini.
784 188 833 229 Id
871 203 954 242 quo
986 189 1154 230 facilius
1186 189 1325 231 facere
1357 190 1546 244 possitis,

203 251 313 292 dabo
335 265 522 305 operam,
548 252 607 303 ut,
635 264 657 289 a
679 248 887 302 principio
911 261 977 288 res
1000 261 1125 301 quem
1146 248 1199 289 ad
1225 249 1397 290 modum
1425 251 1547 303 gesta

206 312 247 350 et
280 312 502 351 contracta
534 308 608 360 sit,
641 306 922 361 cognoscatis.

324 367 368 409 C.
407 366 628 415 Quinctius
666 365 749 405 fuit
786 364 830 405 P.
869 363 1040 412 Quincti
1083 364 1208 406 huius
1253 366 1404 419 frater,
1446 379 1546 407 sane

205 429 442 468 ceterarum
462 439 605 466 rerum
631 426 754 478 pater
779 423 966 464 familias
994 426 1036 464 et
1062 424 1246 478 prudens
1275 427 1316 465 et
1343 427 1546 478 attentus,
1566 440 1581 464 5

203 500 288 526 una
330 486 372 525 in
411 499 455 525 re
497 483 625 538 paulo
665 482 804 523 minus
844 482 1154 536 consideratus,
1194 483 1266 536 qui
1298 483 1547 524 societatem

204 559 299 585 cum
327 542 418 584 Sex.
446 541 610 583 Naevio
636 541 798 594 fecerit,
829 541 921 582 viro
947 541 1073 595 bono,
1104 556 1253 582 verum
1285 544 1431 583 tamen
1460 556 1546 582 non

203 604 265 643 ita
303 601 522 654 instituto,
562 602 610 641 ut
648 600 741 640 iura
774 600 992 642 societatis
1025 602 1068 641 et
1100 599 1241 641 officia
1273 601 1378 642 certi
1410 602 1546 654 patris

202 660 391 702 familias
429 673 556 701 nosse
595 661 759 713 posset3
796 673 879 700 11011
921 673 1003 712 quo
1043 658 1081 700 ei
1113 659 1279 700 deesset
1309 659 1548 714 ingeniumt,

203 734 302 760 nam
335 733 471 773 neque
504 733 656 772 parum
687 718 850 759 facetus
884 732 1030 758 scurra
1062 716 1155 759 Sex,
1188 717 1374 759 Naevius
1410 732 1546 772 neque
1567 733 1599 758 ιο

203 778 464 818 inhumanus
490 791 644 832 praeco
672 779 738 817 est
762 791 965 830 umquam
987 776 1269 818 existimatus.
1314 775 1424 824 Quid
1444 790 1547 832 ergo

205 837 298 878 est?
342 835 447 877 Cum
475 836 512 876 ei
537 838 694 876 natura
718 835 825 876 nihil
854 835 1006 876 melius
1034 850 1162 889 quam
1182 849 1329 876 vocem
1351 835 1548 889 dedisset,

203 898 327 949 pater
366 894 473 935 nihil
512 897 684 949 praeter
722 894 967 935 libertatem
1006 893 1270 947 reliquisset,
1313 908 1461 935 vocem
1503 894 1549 935 in

206 957 431 1007 quaestum
474 953 675 1001 contulit,
713 953 915 993 libertate
947 967 1048 993 usus
1087 955 1169 1006 est,
1211 967 1294 1006 quo
1332 952 1548 1007 impunius

206 1012 326 1054 dicax
367 1015 491 1054 esset.
560 1011 699 1060 Quare
745 1011 914 1065 quidem
956 1011 1117 1052 socium
1158 1011 1241 1052 tibi
1281 1025 1377 1052 eum
1414 1012 1547 1052 velles
1569 1025 1599 1050 15

206 1072 449 1126 adiungere,
481 1070 589 1112 nihil
623 1073 726 1120 erat,
758 1069 841 1110 nisi
874 1073 921 1110 ut
952 1069 997 1110 in
1027 1072 1104 1110 tua
1135 1070 1314 1124 pecunia
1339 1069 1549 1111 condisce-

205 1133 287 1184 ret,
327 1130 399 1184 qui
436 1129 639 1184 pecuniae
677 1129 840 1169 fructus
881 1132 1009 1181 esset3
1047 1131 1193 1169 tamen
1224 1129 1422 1170 inductus
1455 1144 1550 1170 0011-

205 1189 427 1230 suetudine
472 1203 521 1230 ac
572 1187 866 1229 familiaritate
913 1186 1136 1234 Quinctius
1186 1187 1305 1240 fecit,
1354 1190 1402 1228 ut
1452 1187 1549 1242 dixi,

205 1247 455 1289 societatem
488 1261 634 1288 earum
666 1261 819 1299 rerum,
854 1261 961 1299 quae
992 1246 1037 1286 in
1069 1245 1213 1287 Gallia
1245 1246 1551 1300 comparaban-

204 1310 286 1347 tur.
335 1305 444 1347 Erat
471 1305 507 1346 ei
534 1305 732 1359 pecuaria
765 1319 832 1345 res
866 1305 1011 1358 ampla
1043 1307 1084 1345 et
1116 1304 1277 1346 rustica
1309 1319 1410 1346 sane
1442 1305 1549 1346 bene
1569 1318 1600 1344 20
1621 1318 1639 1341 ·=
1664 1307 1685 1365 5J

205 1365 322 1406 culta
361 1367 402 1405 et
439 1363 670 1404 fructuosa.
732 1363 920 1404 Tollitur
958 1363 1011 1403 ab
1051 1363 1173 1404 atriis
1206 1363 1380 1404 Liciniis
1420 1366 1549 1418 atque

205 1438 231 1464 a
267 1437 524 1478 praeconum
566 1437 766 1463 consessu
804 1422 847 1462 in
887 1422 1074 1462 Galliam
1113 1421 1302 1462 Naevius
1342 1425 1385 1463 et
1428 1425 1549 1463 trans

204 1481 340 1536 Alpes
367 1496 501 1535 usque
527 1481 799 1522 transfertur.
848 1479 918 1521 Fit
945 1494 1103 1536 magna
1130 1480 1312 1522 mutatio
1338 1481 1433 1535 loci,
1465 1496 1551 1523 11011

204 1540 378 1595 ingenii.
433 1539 548 1580 Nam
578 1540 650 1593 qui
683 1540 736 1580 ab
770 1539 1088 1580 adulescentulo
1123 1542 1348 1593 quaestum
1375 1539 1457 1581 sibi
1487 1540 1550 1581 in-

206 1599 420 1640 stituisset
452 1598 542 1639 sine
575 1598 808 1652 impendio,
850 1601 1133 1653 posteaquam
1165 1598 1307 1639 nescio
1341 1599 1441 1652 quid
1473 1599 1551 1640 im-
1570 1617 1600 1642 25
1659 1588 1685 1657 ,f

204 1658 353 1712 pendit
379 1660 422 1698 et
448 1657 491 1697 in
523 1671 747 1698 commune
779 1657 973 1710 contulit,
1006 1657 1210 1698 mediocri
1242 1660 1423 1711 quaestu
1455 1672 1550 1699 con-

205 1719 350 1758 tentus
379 1730 469 1756 esse
499 1730 583 1756 11011
610 1718 793 1770 poterat
844 1715 933 1756 Nec
959 1715 1127 1768 mirum,
1154 1715 1189 1756 si
1224 1716 1273 1769 is,
1307 1716 1379 1770 qui
1404 1731 1552 1758 vocem

206 1775 401 1816 venalem
433 1774 661 1827 habuerat
704 1789 764 1827 ea,
797 1788 904 1828 quae
936 1788 1038 1815 voce
1073 1773 1360 1829 quaesiverat,
1392 1789 1551 1830 magno

207 1834 289 1874 sibi
317 1832 514 1887 quaestui
545 1832 636 1874 fore
662 1833 855 1887 putabat.
894 1831 1045 1886 Itaque
1072 1833 1243 1874 hercule
1264 1833 1376 1874 haud
1397 1834 1553 1875 medio-

206 1892 393 1934 criterde
403 1891 630 1945 communi,
646 1891 940 1945 quodcumque
954 1894 1138 1945 poterat,
1153 1891 1205 1932 ad
1221 1907 1264 1933 se
1279 1892 1323 1933 in
1336 1893 1553 1946 privatam
1571 1910 1601 1936 30

206 1951 380 1992 domum
407 1950 658 2004 sevocabat3
685 1950 831 2004 quain
858 1965 902 1991 re
934 1950 996 1991 ita
1022 1950 1205 2004 diligens
1234 1953 1337 2005 erat,
1364 1952 1487 2005 quasi
1510 1951 1553 2006 ii,

207 2010 279 2064 qui
307 2023 465 2064 magna
483 2009 566 2050 fide
588 2009 837 2050 societatem
858 2012 1067 2063 gererent,
1091 2009 1317 2050 arbitrium
1338 2024 1416 2065 pro
1438 2010 1552 2052 socio

206 2068 481 2110 condemnari
509 2068 707 2109 solerent.
751 2067 912 2108 Verum
943 2067 1010 2108 his
1044 2068 1093 2108 de
1120 2068 1246 2109 rebus
1269 2083 1356 2109 11011
1381 2083 1552 2111 necesse

205 2126 344 2168 habeo
367 2127 503 2168 dicere
525 2141 585 2180 ea,
612 2141 719 2181 quae
747 2141 813 2167 me
840 2126 885 2168 P.
907 2125 1128 2174 Quinctius
1157 2127 1274 2180 cupit
1300 2141 1552 2169 commemo-

206 2200 320 2238 r·3a1e
346 2185 521 2226 tametsi
542 2200 671 2227 causa
696 2186 902 2240 postulat,
929 2188 1084 2238 tamen,
1113 2186 1211 2238 quia
1238 2186 1443 2240 postulat,
1469 2201 1552 2228 non
1572 2202 1602 2229 35
1626 2186 1629 2217 i
1656 2184 1679 2237 ‚s

207 2244 396 2298 fiszitat,
428 2244 684 2298 praeteribo.

327 2302 434 2343 Cum
461 2317 593 2344 annos
621 2303 707 2343 iam
740 2304 978 2357 complures
1012 2302 1194 2343 societas
1227 2306 1352 2356 esset,
1385 2306 1428 2344 et
1459 2318 1554 2345 cum

1644 382 1647 394 V
