<?xml version="1.0" encoding="UTF-8"?>
<!DOCTYPE html PUBLIC "-//W3C//DTD XHTML 1.0 Transitional//EN"
    "http://www.w3.org/TR/xhtml1/DTD/xhtml1-transitional.dtd">
<html xmlns="http://www.w3.org/1999/xhtml" xml:lang="en" lang="en">
 <head>
  <title>
</title>
<meta http-equiv="Content-Type" content="text/html;charset=utf-8" />
  <meta name='ocr-system' content='tesseract 3.04.00' />
  <meta name='ocr-capabilities' content='ocr_page ocr_carea ocr_par ocr_line ocrx_word'/>
</head>
<body>
  <div class='ocr_page' id='page_1' title='image "./p1scriptaquaemanse02ciceuoft_0424.png"; bbox 0 0 1618 2584; ppageno 0'>
   <div class='ocr_carea' id='block_1_1' title="bbox 0 0 1618 207">
    <p class='ocr_par' dir='ltr' id='par_1_1' title="bbox 0 0 1618 207">
     <span class='ocr_line' id='line_1_1' title="bbox 0 0 1618 207; baseline 0 2377"><span class='ocrx_word' id='word_1_1' title='bbox 0 0 1618 207; x_wconf 95' lang='lat' dir='ltr'> </span> 
     </span>
    </p>
   </div>
   <div class='ocr_carea' id='block_1_2' title="bbox 147 220 1085 261">
    <p class='ocr_par' dir='ltr' id='par_1_2' title="bbox 147 220 1085 261">
     <span class='ocr_line' id='line_1_2' title="bbox 147 220 1085 261; baseline -0.006 0"><span class='ocrx_word' id='word_1_2' title='bbox 147 222 232 261; x_wconf 69' lang='grc' dir='ltr'>ΞΠ)</span> <span class='ocrx_word' id='word_1_3' title='bbox 547 221 596 255; x_wconf 71' lang='lat' dir='ltr'>IN</span> <span class='ocrx_word' id='word_1_4' title='bbox 624 221 659 255; x_wconf 82' lang='lat' dir='ltr'>C.</span> <span class='ocrx_word' id='word_1_5' title='bbox 681 220 883 254; x_wconf 78' lang='lat' dir='ltr'><strong>VERREM</strong></span> <span class='ocrx_word' id='word_1_6' title='bbox 910 220 1014 255; x_wconf 83' lang='lat' dir='ltr'>ACT.</span> <span class='ocrx_word' id='word_1_7' title='bbox 1043 220 1085 256; x_wconf 88' lang='grc'>11.</span> 
     </span>
    </p>
   </div>
   <div class='ocr_carea' id='block_1_3' title="bbox 144 316 1519 826">
    <p class='ocr_par' dir='ltr' id='par_1_3' title="bbox 145 316 1478 372">
     <span class='ocr_line' id='line_1_3' title="bbox 145 316 1478 372; baseline 0.001 -15"><span class='ocrx_word' id='word_1_8' title='bbox 145 317 447 358; x_wconf 88' lang='lat' dir='ltr'>Menaenorum</span> <span class='ocrx_word' id='word_1_9' title='bbox 501 332 595 358; x_wconf 82' lang='lat' dir='ltr'>cum</span> <span class='ocrx_word' id='word_1_10' title='bbox 635 316 820 356; x_wconf 80' lang='lat' dir='ltr'>Venerio</span> <span class='ocrx_word' id='word_1_11' title='bbox 871 330 1005 357; x_wconf 85' lang='lat' dir='ltr'>servo.</span> <span class='ocrx_word' id='word_1_12' title='bbox 1079 317 1336 372; x_wconf 82' lang='lat' dir='ltr'>Cognoscite</span> <span class='ocrx_word' id='word_1_13' title='bbox 1379 317 1478 358; x_wconf 88' lang='lat' dir='ltr'>item</span> 
     </span>
    </p>

    <p class='ocr_par' dir='ltr' id='par_1_4' title="bbox 146 375 1481 429">
     <span class='ocr_line' id='line_1_4' title="bbox 146 375 1481 429; baseline 0 -14"><span class='ocrx_word' id='word_1_14' title='bbox 146 375 431 429; x_wconf 77' lang='lat' dir='ltr'>professiones</span> <span class='ocrx_word' id='word_1_15' title='bbox 500 375 715 415; x_wconf 75' lang='lat' dir='ltr'>sationum</span> <span class='ocrx_word' id='word_1_16' title='bbox 778 376 820 414; x_wconf 88' lang='lat' dir='ltr'>et</span> <span class='ocrx_word' id='word_1_17' title='bbox 880 375 1100 429; x_wconf 83' lang='lat' dir='ltr'>pactiones</span> <span class='ocrx_word' id='word_1_18' title='bbox 1168 377 1481 417; x_wconf 72' lang='lat' dir='ltr'>Menaenorum.</span> 
     </span>
    </p>

    <p class='ocr_par' dir='ltr' id='par_1_5' title="bbox 144 433 1483 489">
     <span class='ocr_line' id='line_1_5' title="bbox 144 433 1483 489; baseline 0.001 -15"><span class='ocrx_word' id='word_1_19' title='bbox 144 434 390 488; x_wconf 87' lang='lat' dir='ltr'>Patiemini,</span> <span class='ocrx_word' id='word_1_20' title='bbox 441 434 617 486; x_wconf 79' lang='lat' dir='ltr'>iudices,</span> <span class='ocrx_word' id='word_1_21' title='bbox 668 448 692 473; x_wconf 87' lang='lat' dir='ltr'>a</span> <span class='ocrx_word' id='word_1_22' title='bbox 743 433 886 485; x_wconf 90' lang='lat' dir='ltr'>sociis,</span> <span class='ocrx_word' id='word_1_23' title='bbox 937 434 989 474; x_wconf 83' lang='lat' dir='ltr'>ab</span> <span class='ocrx_word' id='word_1_24' title='bbox 1042 435 1284 475; x_wconf 84' lang='lat' dir='ltr'>aratoribus</span> <span class='ocrx_word' id='word_1_25' title='bbox 1333 435 1483 489; x_wconf 83' lang='lat' dir='ltr'>populi</span> 
     </span>
    </p>

    <p class='ocr_par' dir='ltr' id='par_1_6' title="bbox 162 491 1484 546">
     <span class='ocr_line' id='line_1_6' title="bbox 162 491 1484 546; baseline 0.001 -13"><span class='ocrx_word' id='word_1_26' title='bbox 162 493 348 545; x_wconf 69' lang='grc'>1011111111,</span> <span class='ocrx_word' id='word_1_27' title='bbox 405 493 458 533; x_wconf 84' lang='lat' dir='ltr'>ab</span> <span class='ocrx_word' id='word_1_28' title='bbox 516 492 593 544; x_wconf 85' lang='lat' dir='ltr'>eis,</span> <span class='ocrx_word' id='word_1_29' title='bbox 651 491 723 544; x_wconf 88' lang='lat' dir='ltr'>qui</span> <span class='ocrx_word' id='word_1_30' title='bbox 778 491 898 532; x_wconf 82' lang='lat' dir='ltr'>vobis</span> <span class='ocrx_word' id='word_1_31' title='bbox 954 492 1173 546; x_wconf 82' lang='lat' dir='ltr'>laborant,</span> <span class='ocrx_word' id='word_1_32' title='bbox 1227 494 1348 534; x_wconf 70' lang='lat' dir='ltr'>vobis</span> <span class='ocrx_word' id='word_1_33' title='bbox 1402 508 1484 534; x_wconf 81' lang='lat' dir='ltr'>ser-</span> 
     </span>
    </p>

    <p class='ocr_par' dir='ltr' id='par_1_7' title="bbox 145 550 1519 664">
     <span class='ocr_line' id='line_1_7' title="bbox 145 550 1519 615; baseline -0.002 -23"><span class='ocrx_word' id='word_1_34' title='bbox 145 552 284 601; x_wconf 81' lang='lat' dir='ltr'>viunt,</span> <span class='ocrx_word' id='word_1_35' title='bbox 323 551 394 604; x_wconf 85' lang='lat' dir='ltr'>qui</span> <span class='ocrx_word' id='word_1_36' title='bbox 432 551 494 591; x_wconf 89' lang='lat' dir='ltr'>ita</span> <span class='ocrx_word' id='word_1_37' title='bbox 531 551 700 615; x_wconf 83' lang='lat' dir='ltr'>plebem</span> <span class='ocrx_word' id='word_1_38' title='bbox 732 550 971 591; x_wconf 79' lang='lat' dir='ltr'>Romanam</span> <span class='ocrx_word' id='word_1_39' title='bbox 1011 551 1063 592; x_wconf 84' lang='lat' dir='ltr'>ab</span> <span class='ocrx_word' id='word_1_40' title='bbox 1105 566 1195 592; x_wconf 83' lang='lat' dir='ltr'>sese</span> <span class='ocrx_word' id='word_1_41' title='bbox 1231 552 1289 593; x_wconf 86' lang='lat' dir='ltr'>ali</span> <span class='ocrx_word' id='word_1_42' title='bbox 1320 553 1484 600; x_wconf 85' lang='lat' dir='ltr'>volunt</span> <span class='ocrx_word' id='word_1_43' title='bbox 1504 564 1519 589; x_wconf 85' lang='lat'>5</span> 
     </span>
     <span class='ocr_line' id='line_1_8' title="bbox 146 586 1485 674; baseline -0.001 -23"><span class='ocrx_word' id='word_1_44' title='bbox 146 613 193 651; x_wconf 92' lang='lat' dir='ltr'>ut</span> <span class='ocrx_word' id='word_1_45' title='bbox 231 610 313 650; x_wconf 82' lang='lat' dir='ltr'>sibi</span> <span class='ocrx_word' id='word_1_46' title='bbox 352 624 399 650; x_wconf 86' lang='lat' dir='ltr'>ae</span> <span class='ocrx_word' id='word_1_47' title='bbox 438 610 584 650; x_wconf 75' lang='grc'>11111113</span> <span class='ocrx_word' id='word_1_48' title='bbox 624 609 711 649; x_wconf 91' lang='grc'>31113</span> <span class='ocrx_word' id='word_1_49' title='bbox 751 612 919 650; x_wconf 88' lang='lat' dir='ltr'>tantum</span> <span class='ocrx_word' id='word_1_50' title='bbox 953 610 1157 674; x_wconf 75' lang='lat' dir='ltr'>supersit,</span> <span class='ocrx_word' id='word_1_51' title='bbox 1197 625 1278 664; x_wconf 89' lang='lat' dir='ltr'>quo</span> <span class='ocrx_word' id='word_1_52' title='bbox 1311 610 1395 664; x_wconf 83' lang='lat' dir='ltr'>ipsi</span> <span class='ocrx_word' id='word_1_53' title='bbox 1427 586 1485 651; x_wconf 86' lang='lat' dir='ltr'>ali</span> 
     </span>
    </p>

    <p class='ocr_par' dir='ltr' id='par_1_8' title="bbox 146 668 1485 723">
     <span class='ocr_line' id='line_1_9' title="bbox 146 668 1485 723; baseline 0 -14"><span class='ocrx_word' id='word_1_54' title='bbox 146 669 330 723; x_wconf 84' lang='lat' dir='ltr'>possint,</span> <span class='ocrx_word' id='word_1_55' title='bbox 370 668 423 708; x_wconf 88' lang='lat' dir='ltr'>ab</span> <span class='ocrx_word' id='word_1_56' title='bbox 457 668 523 708; x_wconf 89' lang='lat' dir='ltr'>his</span> <span class='ocrx_word' id='word_1_57' title='bbox 556 683 631 722; x_wconf 88' lang='lat' dir='ltr'>per</span> <span class='ocrx_word' id='word_1_58' title='bbox 665 682 875 708; x_wconf 87' lang='lat' dir='ltr'>summam</span> <span class='ocrx_word' id='word_1_59' title='bbox 908 669 1125 721; x_wconf 86' lang='lat' dir='ltr'>iniuriam</span> <span class='ocrx_word' id='word_1_60' title='bbox 1158 669 1485 723; x_wconf 71' lang='grc'>11611·1661111331-</span> 
     </span>
    </p>

    <p class='ocr_par' dir='ltr' id='par_1_9' title="bbox 146 703 1484 781">
     <span class='ocr_line' id='line_1_10' title="bbox 146 703 1484 781; baseline 0.001 -15"><span class='ocrx_word' id='word_1_61' title='bbox 146 742 236 767; x_wconf 89' lang='lat' dir='ltr'>mas</span> <span class='ocrx_word' id='word_1_62' title='bbox 277 727 559 767; x_wconf 81' lang='lat' dir='ltr'>contumelias</span> <span class='ocrx_word' id='word_1_63' title='bbox 595 727 690 780; x_wconf 89' lang='grc'>111113</span> <span class='ocrx_word' id='word_1_64' title='bbox 724 726 945 780; x_wconf 87' lang='lat' dir='ltr'>aliquanto</span> <span class='ocrx_word' id='word_1_65' title='bbox 980 703 1174 768; x_wconf 74' lang='lat' dir='ltr'>ablatiim</span> <span class='ocrx_word' id='word_1_66' title='bbox 1208 742 1316 781; x_wconf 86' lang='lat' dir='ltr'>esse,</span> <span class='ocrx_word' id='word_1_67' title='bbox 1357 742 1484 781; x_wconf 84' lang='lat' dir='ltr'>quam</span> 
     </span>
    </p>

    <p class='ocr_par' dir='ltr' id='par_1_10' title="bbox 145 786 414 826">
     <span class='ocr_line' id='line_1_11' title="bbox 145 786 414 826; baseline 0 -1"><span class='ocrx_word' id='word_1_68' title='bbox 145 788 295 826; x_wconf 87' lang='lat' dir='ltr'>natum</span> <span class='ocrx_word' id='word_1_69' title='bbox 329 786 414 826; x_wconf 75' lang='lat' dir='ltr'>sit‘?</span> 
     </span>
    </p>
   </div>
   <div class='ocr_carea' id='block_1_4' title="bbox 80 844 1583 897">
    <p class='ocr_par' dir='ltr' id='par_1_11' title="bbox 80 844 1583 897">
     <span class='ocr_line' id='line_1_12' title="bbox 80 844 1583 897; baseline 0.001 -14"><span class='ocrx_word' id='word_1_70' title='bbox 80 854 142 883; x_wconf 76' lang='grc'>103</span> <span class='ocrx_word' id='word_1_71' title='bbox 236 845 394 897; x_wconf 60' lang='lat' dir='ltr'>Sentio,</span> <span class='ocrx_word' id='word_1_72' title='bbox 420 844 591 896; x_wconf 80' lang='lat' dir='ltr'>iudices,</span> <span class='ocrx_word' id='word_1_73' title='bbox 619 844 925 885; x_wconf 82' lang='lat' dir='ltr'>moderandum</span> <span class='ocrx_word' id='word_1_74' title='bbox 946 845 1031 885; x_wconf 87' lang='lat' dir='ltr'>iam</span> <span class='ocrx_word' id='word_1_75' title='bbox 1054 845 1160 885; x_wconf 90' lang='lat' dir='ltr'>mihi</span> <span class='ocrx_word' id='word_1_76' title='bbox 1182 859 1272 885; x_wconf 86' lang='lat' dir='ltr'>esse</span> <span class='ocrx_word' id='word_1_77' title='bbox 1300 845 1484 886; x_wconf 87' lang='lat' dir='ltr'>orationi</span> <span class='ocrx_word' id='word_1_78' title='bbox 1507 858 1538 881; x_wconf 85' lang='lat'>10</span> <span class='ocrx_word' id='word_1_79' title='bbox 1582 848 1583 862; x_wconf 67' lang='lat'>¹</span> 
     </span>
    </p>
   </div>
   <div class='ocr_carea' id='block_1_5' title="bbox 145 903 1485 1134">
    <p class='ocr_par' dir='ltr' id='par_1_12' title="bbox 145 903 1485 1134">
     <span class='ocr_line' id='line_1_13' title="bbox 146 903 1485 957; baseline 0.001 -14"><span class='ocrx_word' id='word_1_80' title='bbox 146 918 264 943; x_wconf 88' lang='lat' dir='ltr'>meae</span> <span class='ocrx_word' id='word_1_81' title='bbox 284 903 616 957; x_wconf 74' lang='lat' dir='ltr'>fugiendamque</span> <span class='ocrx_word' id='word_1_82' title='bbox 638 906 825 943; x_wconf 81' lang='lat' dir='ltr'>vestram</span> <span class='ocrx_word' id='word_1_83' title='bbox 848 904 1105 944; x_wconf 85' lang='lat' dir='ltr'>satietatem.</span> <span class='ocrx_word' id='word_1_84' title='bbox 1156 903 1255 944; x_wconf 79' lang='lat' dir='ltr'>Non</span> <span class='ocrx_word' id='word_1_85' title='bbox 1281 904 1485 944; x_wconf 84' lang='lat' dir='ltr'>versabor</span> 
     </span>
     <span class='ocr_line' id='line_1_14' title="bbox 145 962 1485 1016; baseline 0.001 -15"><span class='ocrx_word' id='word_1_86' title='bbox 145 962 189 1002; x_wconf 91' lang='lat' dir='ltr'>in</span> <span class='ocrx_word' id='word_1_87' title='bbox 227 976 310 1002; x_wconf 91' lang='lat' dir='ltr'>uno</span> <span class='ocrx_word' id='word_1_88' title='bbox 351 976 503 1016; x_wconf 71' lang='lat' dir='ltr'>genere</span> <span class='ocrx_word' id='word_1_89' title='bbox 543 962 700 1002; x_wconf 70' lang='lat' dir='ltr'>(liutius</span> <span class='ocrx_word' id='word_1_90' title='bbox 741 964 782 1002; x_wconf 87' lang='lat' dir='ltr'>et</span> <span class='ocrx_word' id='word_1_91' title='bbox 817 962 878 1002; x_wconf 81' lang='lat' dir='ltr'>ita</span> <span class='ocrx_word' id='word_1_92' title='bbox 911 965 1050 1003; x_wconf 72' lang='lat' dir='ltr'>cetera</span> <span class='ocrx_word' id='word_1_93' title='bbox 1083 962 1132 1002; x_wconf 87' lang='lat' dir='ltr'>de</span> <span class='ocrx_word' id='word_1_94' title='bbox 1166 962 1358 1003; x_wconf 79' lang='lat' dir='ltr'>oratione</span> <span class='ocrx_word' id='word_1_95' title='bbox 1391 977 1485 1002; x_wconf 89' lang='lat' dir='ltr'>mea</span> 
     </span>
     <span class='ocr_line' id='line_1_15' title="bbox 146 1020 1484 1074; baseline 0 -14"><span class='ocrx_word' id='word_1_96' title='bbox 146 1021 311 1074; x_wconf 90' lang='lat' dir='ltr'>tollam,</span> <span class='ocrx_word' id='word_1_97' title='bbox 343 1023 391 1060; x_wconf 87' lang='lat' dir='ltr'>ut</span> <span class='ocrx_word' id='word_1_98' title='bbox 421 1020 466 1061; x_wconf 90' lang='lat' dir='ltr'>in</span> <span class='ocrx_word' id='word_1_99' title='bbox 498 1035 625 1061; x_wconf 89' lang='lat' dir='ltr'>causa</span> <span class='ocrx_word' id='word_1_100' title='bbox 657 1023 801 1061; x_wconf 87' lang='lat' dir='ltr'>tamen</span> <span class='ocrx_word' id='word_1_101' title='bbox 833 1021 1083 1074; x_wconf 73' lang='lat' dir='ltr'>relinquam.</span> <span class='ocrx_word' id='word_1_102' title='bbox 1140 1021 1336 1061; x_wconf 82' lang='lat' dir='ltr'>Audietis</span> <span class='ocrx_word' id='word_1_103' title='bbox 1361 1020 1484 1074; x_wconf 78' lang='lat' dir='ltr'>Agri-</span> 
     </span>
     <span class='ocr_line' id='line_1_16' title="bbox 147 1079 1485 1134; baseline 0 -15"><span class='ocrx_word' id='word_1_104' title='bbox 147 1079 433 1134; x_wconf 76' lang='lat' dir='ltr'>gentinorum,</span> <span class='ocrx_word' id='word_1_105' title='bbox 457 1079 795 1120; x_wconf 81' lang='lat' dir='ltr'>fortissimorum</span> <span class='ocrx_word' id='word_1_106' title='bbox 822 1080 1022 1132; x_wconf 80' lang='lat' dir='ltr'>virorum,</span> <span class='ocrx_word' id='word_1_107' title='bbox 1056 1079 1485 1133; x_wconf 71' lang='lat' dir='ltr'>diligentissimorum</span> 
     </span>
    </p>
   </div>
   <div class='ocr_carea' id='block_1_6' title="bbox 147 1138 1584 1193">
    <p class='ocr_par' dir='ltr' id='par_1_13' title="bbox 147 1138 1584 1193">
     <span class='ocr_line' id='line_1_17' title="bbox 147 1138 1584 1193; baseline -0.003 -15"><span class='ocrx_word' id='word_1_108' title='bbox 147 1141 378 1191; x_wconf 86' lang='lat' dir='ltr'>aratorum,</span> <span class='ocrx_word' id='word_1_109' title='bbox 413 1138 713 1192; x_wconf 85' lang='lat' dir='ltr'>querimonias,</span> <span class='ocrx_word' id='word_1_110' title='bbox 746 1138 1013 1193; x_wconf 75' lang='lat' dir='ltr'>cognoscetis</span> <span class='ocrx_word' id='word_1_111' title='bbox 1045 1138 1376 1191; x_wconf 71' lang='lat' dir='ltr'>Entellinorum,</span> <span class='ocrx_word' id='word_1_112' title='bbox 1412 1138 1484 1178; x_wconf 82' lang='lat' dir='ltr'>ho-</span> <span class='ocrx_word' id='word_1_113' title='bbox 1508 1150 1538 1175; x_wconf 83' lang='lat'>15</span> <span class='ocrx_word' id='word_1_114' title='bbox 1582 1139 1584 1168; x_wconf 77' lang='grc' dir='ltr'><strong>ἰ</strong></span> 
     </span>
    </p>
   </div>
   <div class='ocr_carea' id='block_1_7' title="bbox 146 1197 1485 1428">
    <p class='ocr_par' dir='ltr' id='par_1_14' title="bbox 146 1197 1485 1428">
     <span class='ocr_line' id='line_1_18' title="bbox 146 1197 1485 1250; baseline 0 -13"><span class='ocrx_word' id='word_1_115' title='bbox 146 1197 310 1237; x_wconf 88' lang='lat' dir='ltr'>minum</span> <span class='ocrx_word' id='word_1_116' title='bbox 337 1197 493 1237; x_wconf 86' lang='lat' dir='ltr'>summi</span> <span class='ocrx_word' id='word_1_117' title='bbox 520 1197 680 1237; x_wconf 82' lang='lat' dir='ltr'>laboris</span> <span class='ocrx_word' id='word_1_118' title='bbox 710 1211 983 1250; x_wconf 78' lang='lat' dir='ltr'>summaeque</span> <span class='ocrx_word' id='word_1_119' title='bbox 1016 1197 1264 1250; x_wconf 81' lang='lat' dir='ltr'>industriae,</span> <span class='ocrx_word' id='word_1_120' title='bbox 1296 1197 1485 1237; x_wconf 81' lang='lat' dir='ltr'>dolorem</span> 
     </span>
     <span class='ocr_line' id='line_1_19' title="bbox 148 1254 1484 1309; baseline 0 -14"><span class='ocrx_word' id='word_1_121' title='bbox 148 1258 189 1295; x_wconf 87' lang='lat' dir='ltr'>et</span> <span class='ocrx_word' id='word_1_122' title='bbox 223 1255 420 1308; x_wconf 83' lang='lat' dir='ltr'>iniurias,</span> <span class='ocrx_word' id='word_1_123' title='bbox 458 1255 817 1307; x_wconf 72' lang='lat' dir='ltr'>Heracliensium,</span> <span class='ocrx_word' id='word_1_124' title='bbox 859 1255 1121 1309; x_wconf 76' lang='lat' dir='ltr'>Gelensium,</span> <span class='ocrx_word' id='word_1_125' title='bbox 1160 1254 1484 1296; x_wconf 72' lang='lat' dir='ltr'>Soluntinorum</span> 
     </span>
     <span class='ocr_line' id='line_1_20' title="bbox 146 1313 1485 1368; baseline -0.001 -14"><span class='ocrx_word' id='word_1_126' title='bbox 146 1314 416 1355; x_wconf 76' lang='lat' dir='ltr'>incommoda</span> <span class='ocrx_word' id='word_1_127' title='bbox 451 1314 739 1367; x_wconf 80' lang='lat' dir='ltr'>proferentur,</span> <span class='ocrx_word' id='word_1_128' title='bbox 779 1313 1090 1367; x_wconf 74' lang='lat' dir='ltr'>Catinensium,</span> <span class='ocrx_word' id='word_1_129' title='bbox 1130 1314 1485 1368; x_wconf 80' lang='lat' dir='ltr'>locupletissimo-</span> 
     </span>
     <span class='ocr_line' id='line_1_21' title="bbox 147 1372 1483 1428; baseline 0.001 -16"><span class='ocrx_word' id='word_1_130' title='bbox 147 1388 241 1413; x_wconf 85' lang='lat' dir='ltr'>rum</span> <span class='ocrx_word' id='word_1_131' title='bbox 285 1372 507 1413; x_wconf 87' lang='lat' dir='ltr'>hominum</span> <span class='ocrx_word' id='word_1_132' title='bbox 547 1373 1003 1426; x_wconf 75' lang='lat' dir='ltr'>amicissimorumque,</span> <span class='ocrx_word' id='word_1_133' title='bbox 1050 1387 1176 1428; x_wconf 73' lang='lat' dir='ltr'>agros</span> <span class='ocrx_word' id='word_1_134' title='bbox 1216 1376 1391 1414; x_wconf 77' lang='lat' dir='ltr'>vexatos</span> <span class='ocrx_word' id='word_1_135' title='bbox 1432 1373 1483 1413; x_wconf 83' lang='lat' dir='ltr'>ab</span> 
     </span>
    </p>
   </div>
   <div class='ocr_carea' id='block_1_8' title="bbox 146 1431 1583 1485">
    <p class='ocr_par' dir='ltr' id='par_1_15' title="bbox 146 1431 1583 1485">
     <span class='ocr_line' id='line_1_22' title="bbox 146 1431 1583 1485; baseline -0.003 -14"><span class='ocrx_word' id='word_1_136' title='bbox 146 1431 338 1484; x_wconf 73' lang='lat' dir='ltr'>Apronio</span> <span class='ocrx_word' id='word_1_137' title='bbox 366 1432 645 1485; x_wconf 72' lang='lat' dir='ltr'>cognoscetis,</span> <span class='ocrx_word' id='word_1_138' title='bbox 672 1431 1021 1485; x_wconf 72' lang='lat' dir='ltr'>Tyndaritanam,</span> <span class='ocrx_word' id='word_1_139' title='bbox 1047 1432 1362 1472; x_wconf 79' lang='lat' dir='ltr'>nobilissimam</span> <span class='ocrx_word' id='word_1_140' title='bbox 1389 1431 1485 1472; x_wconf 80' lang='lat' dir='ltr'>civi·</span> <span class='ocrx_word' id='word_1_141' title='bbox 1506 1444 1539 1468; x_wconf 78' lang='lat'>⁴20</span> <span class='ocrx_word' id='word_1_142' title='bbox 1582 1447 1583 1454; x_wconf 50' lang='lat'>¹</span> 
     </span>
    </p>
   </div>
   <div class='ocr_carea' id='block_1_9' title="bbox 145 1489 1539 2482">
    <p class='ocr_par' dir='ltr' id='par_1_16' title="bbox 145 1489 1539 2176">
     <span class='ocr_line' id='line_1_23' title="bbox 146 1489 1485 1543; baseline 0 -13"><span class='ocrx_word' id='word_1_143' title='bbox 146 1493 297 1542; x_wconf 84' lang='lat' dir='ltr'>tatem,</span> <span class='ocrx_word' id='word_1_144' title='bbox 332 1489 760 1543; x_wconf 79' lang='lat' dir='ltr'>Ceplialoeditanam,</span> <span class='ocrx_word' id='word_1_145' title='bbox 792 1490 1094 1543; x_wconf 82' lang='lat' dir='ltr'>Haluntinam,</span> <span class='ocrx_word' id='word_1_146' title='bbox 1120 1490 1485 1543; x_wconf 80' lang='lat' dir='ltr'>Apolloniensem,</span> 
     </span>
     <span class='ocr_line' id='line_1_24' title="bbox 145 1547 1486 1603; baseline 0.001 -15"><span class='ocrx_word' id='word_1_147' title='bbox 145 1549 404 1603; x_wconf 73' lang='lat' dir='ltr'>Enguinam,</span> <span class='ocrx_word' id='word_1_148' title='bbox 438 1547 683 1602; x_wconf 75' lang='lat' dir='ltr'>Capitinam</span> <span class='ocrx_word' id='word_1_149' title='bbox 711 1549 900 1603; x_wconf 82' lang='lat' dir='ltr'>perditas</span> <span class='ocrx_word' id='word_1_150' title='bbox 929 1564 1019 1590; x_wconf 86' lang='lat' dir='ltr'>esse</span> <span class='ocrx_word' id='word_1_151' title='bbox 1049 1549 1129 1590; x_wconf 83' lang='lat' dir='ltr'>hae</span> <span class='ocrx_word' id='word_1_152' title='bbox 1160 1549 1387 1603; x_wconf 87' lang='lat' dir='ltr'>iniquitate</span> <span class='ocrx_word' id='word_1_153' title='bbox 1421 1549 1486 1589; x_wconf 85' lang='lat' dir='ltr'>de-</span> 
     </span>
     <span class='ocr_line' id='line_1_25' title="bbox 147 1607 1485 1662; baseline 0.002 -14"><span class='ocrx_word' id='word_1_154' title='bbox 147 1623 365 1649; x_wconf 76' lang='lat' dir='ltr'>cumarum</span> <span class='ocrx_word' id='word_1_155' title='bbox 384 1607 660 1661; x_wconf 79' lang='lat' dir='ltr'>intellegetis,</span> <span class='ocrx_word' id='word_1_156' title='bbox 682 1608 919 1661; x_wconf 85' lang='lat' dir='ltr'>Inensibus,</span> <span class='ocrx_word' id='word_1_157' title='bbox 940 1608 1240 1662; x_wconf 70' lang='lat' dir='ltr'>Murgentinis,</span> <span class='ocrx_word' id='word_1_158' title='bbox 1254 1608 1485 1651; x_wconf 84' lang='lat' dir='ltr'>Assorinis.</span> 
     </span>
     <span class='ocr_line' id='line_1_26' title="bbox 147 1665 1485 1720; baseline 0 -13"><span class='ocrx_word' id='word_1_159' title='bbox 147 1666 384 1719; x_wconf 83' lang='lat' dir='ltr'>Helorinis,</span> <span class='ocrx_word' id='word_1_160' title='bbox 429 1665 579 1706; x_wconf 85' lang='lat' dir='ltr'>Ietinis</span> <span class='ocrx_word' id='word_1_161' title='bbox 624 1666 733 1708; x_wconf 88' lang='lat' dir='ltr'>nihil</span> <span class='ocrx_word' id='word_1_162' title='bbox 779 1667 952 1707; x_wconf 90' lang='lat' dir='ltr'>omnino</span> <span class='ocrx_word' id='word_1_163' title='bbox 989 1667 1203 1719; x_wconf 83' lang='lat' dir='ltr'>relietum,</span> <span class='ocrx_word' id='word_1_164' title='bbox 1249 1665 1485 1720; x_wconf 81' lang='lat' dir='ltr'>Cetarinos,</span> 
     </span>
     <span class='ocr_line' id='line_1_27' title="bbox 148 1724 1538 1779; baseline 0.001 -14"><span class='ocrx_word' id='word_1_165' title='bbox 148 1724 387 1777; x_wconf 65' lang='lat' dir='ltr'>Scherinos,</span> <span class='ocrx_word' id='word_1_166' title='bbox 413 1740 643 1779; x_wconf 81' lang='lat' dir='ltr'>parvarum</span> <span class='ocrx_word' id='word_1_167' title='bbox 665 1725 888 1766; x_wconf 85' lang='lat' dir='ltr'>civitatum</span> <span class='ocrx_word' id='word_1_168' title='bbox 912 1725 1120 1778; x_wconf 87' lang='lat' dir='ltr'>homines,</span> <span class='ocrx_word' id='word_1_169' title='bbox 1148 1725 1320 1766; x_wconf 89' lang='lat' dir='ltr'>omnino</span> <span class='ocrx_word' id='word_1_170' title='bbox 1349 1725 1485 1766; x_wconf 61' lang='grc'>1111166-</span> <span class='ocrx_word' id='word_1_171' title='bbox 1506 1736 1538 1762; x_wconf 79' lang='lat'>25</span> 
     </span>
     <span class='ocr_line' id='line_1_28' title="bbox 146 1784 1485 1839; baseline 0.001 -15"><span class='ocrx_word' id='word_1_172' title='bbox 146 1793 214 1825; x_wconf 82' lang='lat' dir='ltr'>tos</span> <span class='ocrx_word' id='word_1_173' title='bbox 243 1798 334 1824; x_wconf 88' lang='lat' dir='ltr'>esse</span> <span class='ocrx_word' id='word_1_174' title='bbox 362 1798 409 1824; x_wconf 84' lang='lat' dir='ltr'>ac</span> <span class='ocrx_word' id='word_1_175' title='bbox 442 1784 644 1837; x_wconf 78' lang='lat' dir='ltr'>perditos,</span> <span class='ocrx_word' id='word_1_176' title='bbox 678 1799 823 1824; x_wconf 86' lang='lat' dir='ltr'>omnes</span> <span class='ocrx_word' id='word_1_177' title='bbox 858 1784 1035 1837; x_wconf 85' lang='lat' dir='ltr'>denique</span> <span class='ocrx_word' id='word_1_178' title='bbox 1069 1799 1196 1839; x_wconf 77' lang='lat' dir='ltr'>agros</span> <span class='ocrx_word' id='word_1_179' title='bbox 1231 1784 1485 1825; x_wconf 80' lang='lat' dir='ltr'>decumanos</span> 
     </span>
     <span class='ocr_line' id='line_1_29' title="bbox 147 1841 1486 1896; baseline 0 -13"><span class='ocrx_word' id='word_1_180' title='bbox 147 1858 222 1895; x_wconf 71' lang='lat' dir='ltr'>per</span> <span class='ocrx_word' id='word_1_181' title='bbox 260 1842 490 1882; x_wconf 84' lang='lat' dir='ltr'>triennium</span> <span class='ocrx_word' id='word_1_182' title='bbox 530 1842 688 1896; x_wconf 76' lang='lat' dir='ltr'>populo</span> <span class='ocrx_word' id='word_1_183' title='bbox 728 1842 921 1883; x_wconf 83' lang='lat' dir='ltr'>Romano</span> <span class='ocrx_word' id='word_1_184' title='bbox 962 1857 1009 1883; x_wconf 84' lang='lat' dir='ltr'>ex</span> <span class='ocrx_word' id='word_1_185' title='bbox 1049 1846 1171 1896; x_wconf 84' lang='lat' dir='ltr'>parte</span> <span class='ocrx_word' id='word_1_186' title='bbox 1211 1843 1403 1896; x_wconf 84' lang='lat' dir='ltr'>decuma,</span> <span class='ocrx_word' id='word_1_187' title='bbox 1443 1841 1486 1883; x_wconf 74' lang='lat' dir='ltr'>C.</span> 
     </span>
     <span class='ocr_line' id='line_1_30' title="bbox 146 1900 1539 1955; baseline 0 -14"><span class='ocrx_word' id='word_1_188' title='bbox 146 1901 273 1941; x_wconf 70' lang='lat' dir='ltr'>Verri</span> <span class='ocrx_word' id='word_1_189' title='bbox 312 1916 361 1940; x_wconf 82' lang='lat' dir='ltr'>ex</span> <span class='ocrx_word' id='word_1_190' title='bbox 400 1900 516 1941; x_wconf 93' lang='lat' dir='ltr'>omni</span> <span class='ocrx_word' id='word_1_191' title='bbox 555 1901 719 1954; x_wconf 82' lang='lat' dir='ltr'>reliquo</span> <span class='ocrx_word' id='word_1_192' title='bbox 753 1901 978 1955; x_wconf 71' lang='lat' dir='ltr'>vectigalis</span> <span class='ocrx_word' id='word_1_193' title='bbox 1010 1901 1159 1954; x_wconf 69' lang='lat' dir='ltr'>fuisse,</span> <span class='ocrx_word' id='word_1_194' title='bbox 1198 1904 1240 1942; x_wconf 87' lang='lat' dir='ltr'>et</span> <span class='ocrx_word' id='word_1_195' title='bbox 1271 1901 1485 1955; x_wconf 81' lang='lat' dir='ltr'>plerisque</span> <span class='ocrx_word' id='word_1_196' title='bbox 1535 1916 1539 1920; x_wconf 84' lang='grc'><strong>’</strong></span> 
     </span>
     <span class='ocr_line' id='line_1_31' title="bbox 147 1959 1485 2013; baseline 0 -13"><span class='ocrx_word' id='word_1_197' title='bbox 147 1959 390 2000; x_wconf 77' lang='lat' dir='ltr'>aratoribus</span> <span class='ocrx_word' id='word_1_198' title='bbox 411 1959 520 1998; x_wconf 79' lang='lat' dir='ltr'>nihil</span> <span class='ocrx_word' id='word_1_199' title='bbox 549 1960 721 2000; x_wconf 91' lang='lat' dir='ltr'>omnino</span> <span class='ocrx_word' id='word_1_200' title='bbox 750 1960 1027 2013; x_wconf 66' lang='lat' dir='ltr'>superfuisse,</span> <span class='ocrx_word' id='word_1_201' title='bbox 1060 1960 1095 1999; x_wconf 90' lang='lat' dir='ltr'>si</span> <span class='ocrx_word' id='word_1_202' title='bbox 1122 1960 1188 2000; x_wconf 90' lang='grc'>6111</span> <span class='ocrx_word' id='word_1_203' title='bbox 1215 1960 1315 2013; x_wconf 86' lang='lat' dir='ltr'>quid</span> <span class='ocrx_word' id='word_1_204' title='bbox 1343 1963 1485 2000; x_wconf 85' lang='lat' dir='ltr'>autem</span> 
     </span>
     <span class='ocr_line' id='line_1_32' title="bbox 148 2018 1538 2072; baseline 0 -13"><span class='ocrx_word' id='word_1_205' title='bbox 148 2021 221 2059; x_wconf 92' lang='lat' dir='ltr'>aut</span> <span class='ocrx_word' id='word_1_206' title='bbox 271 2018 469 2058; x_wconf 82' lang='lat' dir='ltr'>relietum</span> <span class='ocrx_word' id='word_1_207' title='bbox 520 2020 594 2058; x_wconf 84' lang='lat' dir='ltr'>aut</span> <span class='ocrx_word' id='word_1_208' title='bbox 644 2018 869 2058; x_wconf 88' lang='lat' dir='ltr'>remissum</span> <span class='ocrx_word' id='word_1_209' title='bbox 921 2019 994 2061; x_wconf 81' lang='lat' dir='ltr'>sit,</span> <span class='ocrx_word' id='word_1_210' title='bbox 1044 2018 1086 2058; x_wconf 81' lang='lat' dir='ltr'>id</span> <span class='ocrx_word' id='word_1_211' title='bbox 1129 2018 1260 2059; x_wconf 83' lang='lat' dir='ltr'>fuisse</span> <span class='ocrx_word' id='word_1_212' title='bbox 1305 2021 1485 2072; x_wconf 85' lang='lat' dir='ltr'>tantum,</span> <span class='ocrx_word' id='word_1_213' title='bbox 1506 2029 1538 2053; x_wconf 82' lang='lat'>30</span> 
     </span>
     <span class='ocr_line' id='line_1_33' title="bbox 148 2077 1486 2131; baseline 0 -14"><span class='ocrx_word' id='word_1_214' title='bbox 148 2079 354 2131; x_wconf 86' lang='lat' dir='ltr'>quantum</span> <span class='ocrx_word' id='word_1_215' title='bbox 389 2091 438 2116; x_wconf 79' lang='lat' dir='ltr'>ex</span> <span class='ocrx_word' id='word_1_216' title='bbox 471 2090 537 2129; x_wconf 87' lang='lat' dir='ltr'>eo,</span> <span class='ocrx_word' id='word_1_217' title='bbox 574 2091 656 2130; x_wconf 87' lang='lat' dir='ltr'>quo</span> <span class='ocrx_word' id='word_1_218' title='bbox 690 2077 814 2117; x_wconf 86' lang='lat' dir='ltr'>istius</span> <span class='ocrx_word' id='word_1_219' title='bbox 848 2077 1030 2118; x_wconf 82' lang='lat' dir='ltr'>avaritia</span> <span class='ocrx_word' id='word_1_220' title='bbox 1063 2080 1263 2118; x_wconf 82' lang='lat' dir='ltr'>contenta</span> <span class='ocrx_word' id='word_1_221' title='bbox 1294 2077 1394 2131; x_wconf 85' lang='lat' dir='ltr'>fuit,</span> <span class='ocrx_word' id='word_1_222' title='bbox 1426 2091 1486 2118; x_wconf 89' lang='lat' dir='ltr'>re-</span> 
     </span>
     <span class='ocr_line' id='line_1_34' title="bbox 148 2136 359 2176; baseline -0.005 0"><span class='ocrx_word' id='word_1_223' title='bbox 148 2136 359 2176; x_wconf 71' lang='lat' dir='ltr'>(lundarit.</span> 
     </span>
    </p>

    <p class='ocr_par' dir='ltr' id='par_1_17' title="bbox 146 2194 1537 2482">
     <span class='ocr_line' id='line_1_35' title="bbox 236 2194 1485 2248; baseline 0.001 -15"><span class='ocrx_word' id='word_1_224' title='bbox 236 2194 429 2234; x_wconf 87' lang='lat' dir='ltr'>Duarum</span> <span class='ocrx_word' id='word_1_225' title='bbox 450 2194 555 2234; x_wconf 90' lang='lat' dir='ltr'>mihi</span> <span class='ocrx_word' id='word_1_226' title='bbox 577 2194 800 2234; x_wconf 77' lang='lat' dir='ltr'>civitatum</span> <span class='ocrx_word' id='word_1_227' title='bbox 827 2195 1014 2247; x_wconf 84' lang='lat' dir='ltr'>reliquos</span> <span class='ocrx_word' id='word_1_228' title='bbox 1042 2194 1124 2235; x_wconf 80' lang='lat' dir='ltr'>feci</span> <span class='ocrx_word' id='word_1_229' title='bbox 1150 2208 1289 2248; x_wconf 74' lang='lat' dir='ltr'>agros,</span> <span class='ocrx_word' id='word_1_230' title='bbox 1316 2194 1485 2247; x_wconf 82' lang='lat' dir='ltr'>iudices,</span> 
     </span>
     <span class='ocr_line' id='line_1_36' title="bbox 146 2252 1485 2306; baseline -0.001 -13"><span class='ocrx_word' id='word_1_231' title='bbox 146 2253 235 2293; x_wconf 82' lang='lat' dir='ltr'>fere</span> <span class='ocrx_word' id='word_1_232' title='bbox 257 2252 443 2306; x_wconf 83' lang='lat' dir='ltr'>optimos</span> <span class='ocrx_word' id='word_1_233' title='bbox 469 2267 515 2293; x_wconf 79' lang='lat' dir='ltr'>ae</span> <span class='ocrx_word' id='word_1_234' title='bbox 542 2253 847 2306; x_wconf 79' lang='lat' dir='ltr'>nobilissimos,</span> <span class='ocrx_word' id='word_1_235' title='bbox 869 2252 1129 2293; x_wconf 84' lang='lat' dir='ltr'>Aetnensem</span> <span class='ocrx_word' id='word_1_236' title='bbox 1156 2255 1198 2292; x_wconf 87' lang='lat' dir='ltr'>et</span> <span class='ocrx_word' id='word_1_237' title='bbox 1218 2252 1485 2293; x_wconf 87' lang='lat' dir='ltr'>Leontinum.</span> 
     </span>
     <span class='ocr_line' id='line_1_37' title="bbox 147 2311 1537 2366; baseline 0.001 -15"><span class='ocrx_word' id='word_1_238' title='bbox 147 2312 313 2352; x_wconf 85' lang='lat' dir='ltr'>Horum</span> <span class='ocrx_word' id='word_1_239' title='bbox 341 2325 419 2365; x_wconf 77' lang='lat' dir='ltr'>ego</span> <span class='ocrx_word' id='word_1_240' title='bbox 449 2325 651 2366; x_wconf 75' lang='lat' dir='ltr'>agrorum</span> <span class='ocrx_word' id='word_1_241' title='bbox 684 2312 837 2352; x_wconf 88' lang='lat' dir='ltr'>missos</span> <span class='ocrx_word' id='word_1_242' title='bbox 870 2311 1025 2351; x_wconf 85' lang='lat' dir='ltr'>faciam</span> <span class='ocrx_word' id='word_1_243' title='bbox 1060 2313 1261 2364; x_wconf 87' lang='lat' dir='ltr'>quaestus</span> <span class='ocrx_word' id='word_1_244' title='bbox 1295 2311 1484 2352; x_wconf 84' lang='lat' dir='ltr'>triennii:</span> <span class='ocrx_word' id='word_1_245' title='bbox 1506 2320 1537 2346; x_wconf 82' lang='lat'>35</span> 
     </span>
     <span class='ocr_line' id='line_1_38' title="bbox 147 2369 1485 2424; baseline 0 -15"><span class='ocrx_word' id='word_1_246' title='bbox 147 2385 278 2410; x_wconf 85' lang='lat' dir='ltr'>unum</span> <span class='ocrx_word' id='word_1_247' title='bbox 318 2384 473 2410; x_wconf 87' lang='lat' dir='ltr'>annum</span> <span class='ocrx_word' id='word_1_248' title='bbox 514 2370 688 2424; x_wconf 75' lang='lat' dir='ltr'>eligam,</span> <span class='ocrx_word' id='word_1_249' title='bbox 730 2384 810 2423; x_wconf 87' lang='lat' dir='ltr'>quo</span> <span class='ocrx_word' id='word_1_250' title='bbox 849 2370 1018 2410; x_wconf 86' lang='lat' dir='ltr'>facilius</span> <span class='ocrx_word' id='word_1_251' title='bbox 1056 2369 1116 2422; x_wconf 84' lang='lat' dir='ltr'>id,</span> <span class='ocrx_word' id='word_1_252' title='bbox 1157 2369 1267 2422; x_wconf 83' lang='lat' dir='ltr'>quod</span> <span class='ocrx_word' id='word_1_253' title='bbox 1308 2369 1485 2422; x_wconf 86' lang='lat' dir='ltr'>institui,</span> 
     </span>
     <span class='ocr_line' id='line_1_39' title="bbox 149 2428 1487 2482; baseline 0 -15"><span class='ocrx_word' id='word_1_254' title='bbox 149 2429 359 2482; x_wconf 69' lang='lat' dir='ltr'>explicare</span> <span class='ocrx_word' id='word_1_255' title='bbox 404 2428 577 2481; x_wconf 81' lang='lat' dir='ltr'>possim.</span> <span class='ocrx_word' id='word_1_256' title='bbox 647 2428 822 2469; x_wconf 73' lang='lat' dir='ltr'>Sumam</span> <span class='ocrx_word' id='word_1_257' title='bbox 861 2443 1018 2469; x_wconf 87' lang='lat' dir='ltr'>annum</span> <span class='ocrx_word' id='word_1_258' title='bbox 1057 2428 1250 2481; x_wconf 82' lang='lat' dir='ltr'>tertium,</span> <span class='ocrx_word' id='word_1_259' title='bbox 1297 2428 1408 2480; x_wconf 82' lang='lat' dir='ltr'>quod</span> <span class='ocrx_word' id='word_1_260' title='bbox 1447 2430 1487 2467; x_wconf 87' lang='lat' dir='ltr'>et</span> 
     </span>
    </p>
   </div>
   <div class='ocr_carea' id='block_1_10' title="bbox 75 2175 145 2257">
    <p class='ocr_par' dir='ltr' id='par_1_18' title="bbox 75 2175 145 2257">
     <span class='ocr_line' id='line_1_40' title="bbox 75 2175 133 2214; baseline 0 0"><span class='ocrx_word' id='word_1_261' title='bbox 75 2175 133 2214; x_wconf 61' lang='lat'>44</span> 
     </span>
     <span class='ocr_line' id='line_1_41' title="bbox 80 2226 145 2257; baseline 0 -1"><span class='ocrx_word' id='word_1_262' title='bbox 80 2226 145 2257; x_wconf 74' lang='lat'>104</span> 
     </span>
    </p>
   </div>
  </div>
 </body>
</html>
