1618 2584
177 53 258 94 108
497 54 547 88 ΙΝ
574 53 613 96 Q.
642 52 902 88 CAECILIUM
929 53 1191 89 DIVINATIO.

175 150 457 204 singularem3
489 150 597 190 nihil
631 152 696 191 est
728 150 854 203 enim,
889 150 1002 203 quod
1035 151 1174 191 minus
1206 150 1428 192 ferendum
1460 152 1515 193 sit

176 224 303 263 quam
343 210 552 250 rationem
592 209 645 249 ab
685 209 820 250 altero
862 210 976 249 vitae
1022 223 1242 263 reposcere
1288 225 1401 264 eum,
1445 211 1515 264 qui

106 279 148 310 28
174 282 259 309 non
297 268 449 322 possit-
473 282 574 308 suae
611 267 796 308 reddere.
864 267 945 308 Hic
984 282 1062 322 ego
1102 268 1151 309 de
1190 271 1231 309 te
1269 269 1394 323 plura
1432 283 1517 310 non

177 327 332 380 dicam,
365 342 494 367 unum
528 326 636 366 illud
668 326 791 367 credo
819 341 965 367 omnes
993 326 1183 367 animum
1212 327 1444 381 advertere,
1474 330 1516 369 te

178 385 313 427 adhuc
364 400 389 426 a
437 385 568 426 nullis
618 384 701 426 nisi
752 385 805 426 ab
855 383 1008 427 Siculis
1059 386 1250 439 potuisse
1301 387 1549 442 cognosci35

177 443 342 485 Siculos
381 444 461 485 hoc
499 444 654 497 dicere,
692 458 787 485 cum
826 444 961 485 eidem
1000 444 1087 484 sint
1125 444 1244 498 irati,
1289 445 1355 486 cui
1392 448 1440 486 tu
1476 448 1518 487 te

176 503 395 544 inimicum
430 517 520 544 esse
554 502 671 556 dicis,
704 517 794 544 sese
828 506 974 544 tamen
1000 505 1042 543 te
1069 505 1212 545 actore
1240 504 1292 544 ad
1317 503 1519 545 iudicium

176 577 261 603 non
289 561 523 603 adfuturos.
575 560 714 610 Quare
746 565 918 617 negent,
953 577 1001 602 ex
1036 577 1102 603 me
1134 577 1220 604 non
1253 563 1409 613 audies,
1440 563 1519 604 hos

176 624 325 676 patere
370 620 412 661 id
454 620 681 675 suspicari,
726 621 838 675 quod
874 635 1046 662 necesse
1085 623 1160 662 est.
1227 620 1300 662 Illi
1339 621 1519 677 quidem,

176 682 225 720 ut
257 682 323 721 est
352 678 576 721 hominum
610 694 743 735 genus
781 680 907 721 nimis
948 682 1120 721 acutum
1157 683 1199 721 et
1226 681 1519 735 suspiciosum,
1539 698 1567 723 10
1616 678 1618 699 ³

176 753 261 780 non
300 741 342 780 te
382 753 430 780 ex
464 737 610 780 Sicilia
648 740 816 780 litteras
856 739 900 779 in
932 738 1110 780 Verrem
1152 739 1378 793 deportare
1410 740 1520 781 velle
1616 734 1618 758 ³

179 798 463 851 arbitrantur,
509 798 598 851 sed,
645 798 757 851 quod
794 798 928 838 isdem
966 798 1124 838 litteris
1163 798 1279 839 illius
1318 801 1520 853 praetura

182 859 226 898 et
258 860 333 898 tua
364 859 594 910 quaestura
627 857 880 912 consignata
912 856 981 911 sit,
1013 860 1235 911 asportare
1267 860 1310 898 te
1335 858 1445 899 velle
1472 873 1521 899 ex

180 915 326 958 Sicilia
358 916 526 957 litteras
560 916 842 970 suspicantur.

107 984 151 1014 29
268 975 430 1016 Deinde
469 979 760 1017 accusatorem
805 976 976 1016 firmum
1008 990 1240 1029 verumque
1273 990 1364 1017 esse
1397 991 1521 1030 opor-
1540 991 1569 1018 15

180 1037 253 1076 tet.
303 1034 415 1075 Eum
436 1048 516 1089 ego
543 1034 579 1075 si
604 1036 647 1074 te
674 1036 820 1088 putem
848 1049 1000 1088 cupere
1027 1048 1131 1088 esse,
1162 1035 1289 1076 facile
1315 1035 1519 1091 intellego

181 1108 272 1134 esse
303 1108 388 1134 non
422 1107 559 1147 posse.
620 1093 709 1134 Nec
743 1108 790 1134 ea
824 1093 935 1146 dice,
976 1107 1082 1146 quae
1116 1093 1152 1133 si
1184 1094 1340 1147 dicam,
1377 1096 1522 1136 tamen

180 1153 396 1193 infirmare
422 1167 508 1193 non
528 1152 680 1206 possis,
706 1155 760 1205 te,
788 1154 1018 1205 antequam
1040 1152 1090 1193 de
1112 1150 1258 1194 Sicilia
1278 1153 1521 1208 decesseris,

180 1213 223 1253 in
256 1212 443 1266 gratiam
482 1211 641 1251 redisse
680 1226 775 1252 cum
812 1210 962 1265 Verre,
1001 1210 1298 1265 Potamonem,
1337 1212 1521 1255 scribam

181 1273 223 1312 et
242 1270 501 1311 familiarem
523 1272 655 1318 tuum,
682 1272 897 1310 retentum
918 1284 1009 1310 esse
1031 1285 1055 1311 a
1074 1269 1207 1311 Verre
1228 1271 1271 1311 in
1291 1271 1521 1325 provincia,
1538 1286 1568 1311 20

181 1345 275 1372 cum
301 1332 347 1370 tu
375 1329 614 1381 ‹lecederes3
639 1329 694 1369 M.
716 1329 960 1382 Caecilium,
984 1328 1164 1369 fratrem
1185 1332 1318 1383 tuum,
1345 1330 1520 1372 lectissi-

181 1404 296 1430 mum
319 1391 447 1442 atque
468 1388 793 1429 ornatissimum
820 1388 1147 1442 adulescentem,
1172 1403 1258 1429 non
1284 1389 1410 1430 modo
1436 1404 1522 1431 non

181 1448 328 1490 adesse
366 1461 502 1501 neque
540 1449 682 1488 tecum
720 1449 816 1487 tuas
854 1446 1032 1488 iniurias
1070 1448 1286 1502 persequi,
1325 1448 1399 1489 sed
1431 1463 1520 1489 esse

180 1523 275 1549 cum
296 1506 431 1548 Verre
457 1509 501 1547 et
526 1521 620 1547 cum
646 1506 722 1546 illo
748 1506 1085 1547 familiarissime
1112 1509 1240 1560 atque
1267 1507 1520 1549 amicissime

179 1567 333 1608 vivere.
397 1564 505 1606 Sunt
543 1568 585 1606 et
622 1565 726 1605 liaec
766 1568 808 1606 et
846 1565 932 1605 alia
969 1565 1012 1605 in
1053 1568 1096 1606 te
1126 1565 1228 1606 falsi
1260 1566 1519 1607 accusatoris
1537 1578 1566 1605 25
1598 1575 1599 1581 ¹

182 1626 307 1681 signa
338 1625 566 1679 permulta,
599 1624 753 1678 quibus
786 1638 864 1678 ego
896 1638 1007 1664 nunc
1038 1638 1125 1665 non
1156 1627 1272 1678 utor,
1303 1625 1386 1667 hoc
1417 1625 1519 1680 dico,

181 1687 235 1737 te,
272 1684 307 1725 si
340 1683 524 1724 maxime
557 1683 715 1737 cupias,
747 1685 892 1723 tamen
924 1697 1071 1724 verum
1105 1686 1397 1725 accusatorem
1430 1699 1519 1726 esse
1595 1707 1597 1727 ,1

110 1758 154 1788 30
180 1758 267 1784 non
292 1757 429 1796 posse.
479 1741 616 1783 Video
644 1742 756 1782 enim
777 1742 992 1796 permulta
1013 1757 1104 1783 esse
1124 1743 1314 1797 crimina,
1342 1757 1519 1798 quorum
1595 1730 1597 1762 l

181 1803 260 1843 tibi
295 1801 476 1843 societas
509 1816 603 1842 cum
630 1801 764 1842 Verre
797 1801 886 1841 eius
919 1801 1034 1842 modi
1067 1804 1144 1854 est,
1175 1804 1223 1842 ut
1255 1817 1305 1843 ea
1336 1802 1380 1843 in
1405 1817 1520 1844 accu-

113 1861 314 1906 10sando
367 1861 579 1915 attingere
625 1875 712 1901 non
758 1860 926 1901 audeaS.
995 1859 1195 1908 Queritur
1239 1859 1385 1902 Sicilia
1428 1863 1519 1903 tota
1535 1872 1565 1897 30

182 1920 226 1962 C.
246 1920 424 1961 Verrem
447 1920 500 1960 ab
523 1919 778 1971 aratoribus,
804 1934 899 1960 cum
919 1918 1182 1960 frumentum
1203 1919 1285 1960 sibi
1304 1920 1349 1960 in
1370 1920 1518 1962 cellam
1592 1913 1594 1920 ¹

182 1979 498 2034 imperavisset,
532 1980 574 2019 et
607 1993 701 2019 cum
735 1981 849 2019 esset
880 1978 1014 2019 tritici
1048 1978 1215 2020 modius
1247 1977 1319 2019 HS
1346 1978 1405 2033 II,
1442 1993 1517 2034 pro

180 2038 397 2079 frumento
429 2038 474 2078 in
506 2037 670 2078 modios
704 2037 897 2092 singulos
939 2037 1154 2079 duodenos
1193 2038 1413 2079 sestertios
1456 2053 1519 2079 ex·
1590 2044 1592 2059 ¹

182 2098 332 2153 egisse.
393 2096 600 2152 Magnum
633 2096 809 2150 crimen,
852 2096 1004 2151 ingens
1036 2096 1231 2150 pecunia,
1266 2096 1430 2138 furtum
1461 2097 1519 2137 in·
1588 2119 1616 2157 μ

182 2157 362 2211 pudens,
405 2155 561 2196 iniuria
598 2170 684 2196 non
719 2155 912 2196 ferenda!
972 2155 1066 2210 Ego
1104 2155 1184 2196 hoc
1221 2170 1304 2196 uno
1346 2155 1590 2197 οΥ1111111035’

181 2216 306 2256 illum
333 2215 610 2256 condemnem
636 2229 808 2256 necesse
835 2217 917 2268 est,
949 2217 1007 2267 tu,
1035 2213 1202 2266 Caecili,
1236 2214 1336 2268 quid
1361 2214 1517 2256 facies?

112 2288 151 2318 31
182 2277 328 2315 utrum
365 2274 446 2315 hoc
484 2276 654 2315 tantum
692 2273 852 2315 crimen
889 2273 1206 2328 praetermittes
1249 2287 1303 2314 an
1335 2271 1518 2315 obicies?

1578 2543 1580 2546 J
