1618 2584
169 229 254 270 286
572 231 621 264 ΙΝ
650 229 685 264 O.
707 229 911 263 VERREM
936 229 1040 264 ACT.
1066 229 1109 264 Π.

100 336 141 364 42
169 325 430 379 optimarum
475 340 523 366 ac
568 324 804 378 principem
847 325 1133 365 imitabuntur
1178 339 1336 366 omnes.
1405 325 1509 374 Quis

98 1326 137 1356 43

170 387 317 424 arator
354 386 396 424 te
434 386 632 437 praetore
671 383 891 424 decumam
931 383 1062 437 dedit,
1102 384 1196 437 quis
1235 384 1368 425 duas?
1414 384 1507 437 quis

169 456 255 483 non
282 442 468 483 maximo
496 456 540 483 se
567 441 782 483 adfectum
808 442 1013 483 beneficio
1040 442 1220 496 putavit,
1248 457 1342 484 cum
1368 443 1507 484 tribus

170 501 356 542 decumis
401 515 479 555 pro
521 515 605 541 una
644 500 963 556 defungeretur,
1008 503 1178 555 praeter
1215 515 1391 555 paucos,
1437 502 1509 555 qui

169 562 345 613 propter
372 560 621 600 societatem
647 559 861 601 furtorum
887 562 1059 600 tuorum
1091 559 1200 600 nihil
1234 560 1407 601 omnino
1442 560 1508 600 de-

170 618 350 658 deruiit‘.>
407 617 534 671 Vide,
566 618 678 659 inter
706 618 1064 673 inportunitatem
1097 620 1216 659 tuam
1250 621 1507 672 senatusque

167 677 407 717 bonitatem
435 677 536 731 quid
562 677 746 718 intersit.
803 676 985 717 Senatus
1019 692 1114 717 cum
1147 677 1413 731 temporibus
1446 677 1507 718 rei

167 735 364 789 publicae
391 736 571 791 cogitur,
603 738 651 776 ut
677 736 887 789 decernat,
919 738 967 776 ut
1000 736 1160 776 alterae
1193 735 1393 776 decumae
1426 736 1508 777 exi-

168 796 343 847 gantur,
375 794 437 835 ita
467 794 672 848 decernit,
704 797 751 835 ut
782 809 859 848 pro
892 794 959 835 his
994 794 1179 835 decumis
1213 794 1391 848 pecunia
1425 794 1508 835 sol-

167 856 293 893 vatur
314 853 569 906 aratoribus,
595 855 654 906 ut,
683 854 795 906 quod
815 854 912 907 plus
941 853 1135 905 sumitur,
1163 867 1291 906 quam
1319 853 1508 902 debetur,

167 910 210 951 id
238 911 332 964 emi,
364 926 450 953 non
478 911 636 952 auferri
662 914 855 965 putetur,
886 914 935 952 tu
968 927 1062 952 cum
1093 914 1161 952 tot
1194 912 1390 953 decumas
1423 926 1509 953 non

170 972 343 1010 senatus
389 971 604 1023 consulto,
649 971 722 1011 sed
765 970 888 1011 novis
931 970 1079 1011 edictis
1121 971 1208 1010 tuis
1248 970 1508 1023 nefariisque

168 1028 381 1069 institutis
432 1029 624 1084 exigeres
676 1032 718 1070 et
768 1029 970 1083 eriperes,
1021 1042 1226 1083 magnum
1270 1031 1312 1069 te
1360 1028 1508 1070 fecisse

169 1086 397 1139 arbitrare,
443 1087 479 1129 si
522 1087 658 1142 pluris
702 1087 943 1129 vendideris
988 1102 1116 1141 quam
1157 1086 1202 1128 L.
1238 1086 1508 1140 Hortensius,

168 1149 289 1198 pater
327 1146 451 1187 istius
488 1146 536 1195 Q.
563 1146 787 1199 Hortensi,
827 1160 955 1199 quam
995 1145 1069 1186 Cn.
1095 1146 1341 1199 Pompeius,
1380 1160 1506 1199 quam

169 1203 212 1245 C.
239 1204 486 1257 Marcellus,
519 1204 591 1258 qui
624 1205 677 1246 ab
711 1204 945 1258 aequitate,
977 1204 1030 1245 ab
1064 1205 1178 1259 lege,
1210 1205 1263 1245 ab
1296 1204 1508 1246 institutis

166 1276 252 1303 non
284 1264 581 1304 recesserunt?

256 1321 324 1362 An
350 1322 430 1363 tibi
457 1322 582 1363 unius
610 1322 710 1362 anni
742 1324 816 1363 aut
847 1322 1008 1362 biennii
1040 1320 1152 1362 ratio
1185 1321 1267 1362 fuit
1299 1322 1508 1376 habenda,

167 1381 282 1422 salus
316 1380 571 1434 provinciae,
604 1380 828 1421 commoda
860 1380 920 1420 rei
952 1379 1270 1433 frumentariae,
1302 1380 1414 1421 ratio
1447 1381 1508 1421 rei

167 1439 362 1492 publicae
400 1439 444 1479 in
481 1439 781 1493 posteritatem
820 1439 903 1479 fuit
939 1439 1236 1493 neglegenda?
1282 1454 1378 1480 cum
1417 1454 1534 1480 rem*

164 1499 227 1538 ita
254 1497 536 1539 constitutam
564 1498 812 1550 accepisses,
845 1501 892 1538 ut
918 1500 961 1537 et
988 1498 1145 1550 populo
1173 1497 1367 1539 Romano
1401 1498 1507 1538 satis

164 1556 370 1597 frumenti
396 1571 445 1597 ex
472 1555 619 1597 Sicilia
646 1556 991 1609 suppeditaretur
1018 1559 1061 1597 et
1085 1556 1329 1597 aratoribus
1362 1560 1508 1597 tamen

166 1630 286 1656 arare
314 1618 442 1668 atque
470 1629 597 1670 agros
626 1616 764 1656 colere
791 1614 1018 1669 expediret,
1052 1614 1152 1669 quid
1185 1615 1374 1668 effecisti,
1407 1615 1507 1669 quid

166 1674 391 1715 adsecutus
444 1675 517 1714 es?
585 1672 646 1715 Ut
689 1674 849 1728 populo
894 1673 1089 1714 Romano
1133 1674 1275 1716 nescio
1320 1673 1421 1728 quid
1465 1676 1507 1714 te

165 1735 363 1786 praetore
401 1732 455 1773 ad
493 1732 692 1774 decumas
730 1732 965 1785 accederet,
1005 1732 1257 1773 deserendas
1289 1732 1505 1774 arationes

166 1791 551 1844 relinquendasque
595 1791 766 1832 curasti.
837 1790 1049 1832 Successit
1093 1791 1172 1831 tibi
1215 1791 1258 1832 L.
1293 1790 1506 1832 Metellus.

166 1849 228 1890 Tu
267 1850 537 1890 innocentior
573 1864 700 1903 quam
732 1849 952 1902 Metellus,
989 1852 1037 1889 tu
1074 1849 1210 1891 laudis
1251 1852 1293 1890 et
1331 1849 1506 1890 honoris

166 1908 387 1962 cupidior?
432 1908 512 1948 tibi
550 1908 663 1949 enim
701 1908 949 1949 consulatus
985 1908 1287 1961 quaerebatur,
1330 1908 1506 1949 Metello

166 1970 370 2020 paternus
391 1967 528 2007 honos
551 1970 593 2007 et
619 1967 760 2008 avitus
786 1967 1110 2021 neglegebatur.
1161 1966 1300 2008 Multo
1328 1966 1505 2008 minoris

167 2025 356 2066 vendidit
381 2040 466 2067 non
494 2026 619 2067 modo
648 2040 777 2079 quam
802 2028 862 2078 tu,
895 2026 968 2066 sed
996 2025 1125 2066 etiam
1153 2040 1280 2079 quam
1308 2025 1379 2079 qui
1407 2029 1504 2066 ante
1524 2035 1577 2060 30Ὶ

98 2083 208 2125 1710
247 2084 539 2126 vendiderunt.
609 2084 794 2138 Quaero,
839 2083 874 2125 si
912 2084 1003 2138 ipse
1042 2085 1286 2139 excogitare
1317 2099 1403 2125 non
1435 2099 1506 2137 po-

166 2146 326 2195 tuerat,
367 2157 492 2197 quem
526 2143 579 2184 ad
611 2143 783 2184 modum
818 2157 945 2196 quam
979 2143 1165 2197 plurimo
1199 2142 1416 2196 venderet,
1454 2157 1504 2183 ne

166 2204 241 2242 tua
286 2201 456 2255 quidem
495 2202 681 2244 recentia
719 2202 916 2255 proxumi
954 2201 1164 2254 praetoris
1196 2200 1382 2255 vestigia
1414 2216 1503 2255 per-

167 2260 287 2314 sequi
326 2263 513 2314 poterat,
550 2263 599 2301 ut
636 2261 722 2301 tuis
760 2260 993 2313 praeclaris
1032 2261 1107 2301 abs
1145 2262 1188 2301 te
1224 2260 1413 2313 principe
1445 2260 1504 2300 in-

166 2319 306 2360 ventis
335 2322 377 2359 et
409 2319 664 2374 excogitatis
698 2319 846 2360 edictis
881 2322 1008 2372 atque
1040 2319 1250 2359 institutis
1284 2319 1573 2359 11101·01111’Ῥ35’

97 2386 140 2414 44
170 2378 248 2419 llle
275 2392 374 2419 vero
402 2381 494 2419 tum
525 2392 569 2418 se
602 2378 777 2419 minime
803 2378 1025 2418 Metellum
1059 2378 1149 2418 fore
1182 2378 1362 2431 putarit,
1396 2378 1432 2418 si
1462 2379 1503 2417 te

167 2437 257 2476 ulla
294 2436 338 2476 in
376 2451 420 2477 re
459 2437 653 2478 imitatus
694 2440 822 2490 esset,
862 2436 933 2490 qui
972 2436 1025 2476 ab
1064 2436 1167 2476 urbe
1200 2436 1355 2489 Roma,
1394 2434 1503 2489 quod

1527 1741 1558 1767 25
1601 1748 1613 1757 '¹

1597 1978 1606 2141 ffl,2*u.2-==
1598 1922 1603 1950 ᾳ
1600 1864 1603 1889 —
1601 1825 1603 1830 ,
