1618 2584
167 223 252 265 438
563 223 613 258 TN
641 223 677 258 C.
704 223 908 257 VERREM
934 223 1039 258 ACT.
1066 223 1108 258 Π.

170 319 315 374 huius,
349 320 421 374 qui
447 322 596 373 postea
628 319 729 372 fuit,
763 319 981 373 singulare
1014 318 1258 373 consilium,
1290 334 1425 374 neque
1459 320 1511 362 ad

170 378 294 421 Pauli
326 379 539 420 rationem
573 392 621 419 ac
654 377 924 432 disciplinam
956 392 1093 431 neque
1126 378 1178 418 ad
1211 377 1255 420 C.
1279 378 1391 420 Mari
1423 379 1511 420 vim

171 441 300 492 atque
326 438 550 490 virtutem3
583 436 656 478 sed
683 436 799 477 aliud
826 450 959 492 genus
986 436 1260 491 imperatoris
1288 452 1389 479 sane
1420 438 1510 478 dili-

171 499 321 552 genter
338 495 607 537 retinendum
630 498 672 536 et
692 495 1042 549 conservandum,
1064 510 1234 549 quaeso,
1255 496 1510 551 cognoscite.

129 564 140 572 ”
171 555 379 596 ltinerum
406 554 592 608 primum
619 555 824 608 laborem,
857 554 929 608 qui
955 555 1022 596 vel
1050 554 1262 596 maximus
1293 557 1358 596 est
1388 555 1433 596 'm
1465 570 1509 597 re

169 614 368 668 militari,
416 613 593 666 iudices,
642 616 684 654 et
727 613 771 654 in
815 611 961 655 Sicilia
1005 613 1189 654 maxime
1232 614 1511 668 necessarius,

169 672 351 727 accipite
390 687 518 726 quam
557 672 729 713 facilem
769 672 852 713 sibi
890 672 973 713 iste
1008 675 1051 713 et
1082 672 1312 714 iucundum
1344 673 1510 714 ratione

169 731 434 785 consilioque
476 731 718 772 reddiderit.
780 730 973 772 Primum
1012 731 1281 786 temporibus
1318 731 1510 773 hibernis

170 790 222 831 ad
244 790 585 845 magnitudinem
606 791 816 845 frigorum
838 793 880 831 et
903 790 989 843 [ad]
1012 792 1321 844 tempestatum
1348 791 1435 832 vim
1463 805 1511 833 ac

168 849 392 890 fluminum
430 850 698 904 praeclarum
730 849 811 890 hoc
844 849 925 890 sibi
957 849 1191 890 remedium
1224 852 1508 903 compararat.

168 907 332 949 Urbem
360 906 597 962 Syracusas
624 909 827 964 elegerat,
859 908 978 949 cuius
1004 908 1074 950 hic
1102 909 1212 949 situs
1246 912 1374 962 atque
1406 909 1511 950 haec

168 970 325 1008 natura
364 982 455 1008 esse
495 967 578 1009 loci
613 968 805 1021 caelique
838 967 1011 1021 dicitur,
1049 970 1097 1008 ut
1128 967 1273 1008 nullus
1305 982 1509 1022 umquam

168 1026 256 1067 dies
284 1030 374 1067 tam
400 1040 559 1082 magna
585 1041 633 1068 ac
658 1026 910 1067 turbulenta
941 1028 1201 1080 tempestate
1232 1026 1375 1080 fuerit,
1408 1027 1511 1081 quin

168 1085 313 1140 aliquo
340 1088 534 1140 tempore
562 1085 651 1127 eius
679 1085 761 1126 diei
788 1085 923 1126 solem
952 1085 1147 1126 homines
1180 1085 1378 1127 viderint.
1430 1086 1510 1127 Hic

168 1144 230 1185 ita
267 1144 442 1185 vivebat
479 1144 561 1186 iste
599 1145 736 1186 bonus
774 1144 1010 1198 imperator
1048 1144 1240 1185 hibernis
1279 1144 1510 1199 mensibus,

166 1206 214 1244 ut
253 1217 348 1244 eum
387 1218 473 1245 non
509 1203 636 1245 facile
673 1218 760 1245 non
797 1203 923 1244 modo
964 1205 1084 1244 extra
1122 1206 1302 1258 tectum,
1347 1204 1420 1244 sed
1459 1218 1510 1244 ne

167 1265 287 1303 extra
325 1263 483 1304 lectum
524 1263 693 1316 quidem
727 1262 954 1316 quisquam
986 1262 1167 1316 videret3
1206 1262 1268 1303 ita
1301 1262 1384 1303 diei
1416 1263 1510 1303 bre-

165 1321 277 1362 vitas
323 1321 548 1375 conviviis,
592 1321 730 1363 noctis
776 1321 1002 1376 longitudo
1049 1321 1209 1375 stupris
1250 1323 1293 1362 et
1330 1321 1509 1376 flagitiis

166 1380 478 1422 continebatur.

255 1438 362 1480 Cum
402 1442 545 1480 autem
585 1453 659 1480 ver
695 1453 787 1480 esse
819 1442 1019 1493 coeperat
1051 1436 1191 1495 (cuius
1222 1439 1395 1480 initium
1427 1439 1509 1480 iste

164 1513 251 1540 non
289 1513 314 1539 a
350 1498 541 1539 Favonio
581 1512 718 1552 neque
758 1498 811 1539 ab
851 1498 996 1552 aliquo
1036 1501 1153 1539 astro
1192 1498 1392 1552 notabat,
1437 1499 1510 1539 sed

165 1572 261 1599 cuin
300 1571 444 1599 rosam
482 1557 667 1611 viderat,
712 1560 805 1598 tum
842 1557 1028 1611 incipere
1067 1571 1141 1598 ver
1180 1556 1509 1612 arbitrabatur),

165 1616 297 1657 dabat
333 1630 377 1657 se
410 1616 550 1657 labori
583 1619 712 1670 atque
744 1616 989 1670 itineribus3
1029 1616 1072 1656 in
1106 1616 1260 1670 quibus
1293 1631 1342 1657 eo
1374 1630 1509 1670 usque

167 1689 211 1717 se
231 1675 469 1730 praebebat
494 1675 732 1729 patientem
760 1678 888 1729 atque
914 1675 1160 1730 impigrum,
1187 1678 1235 1716 ut
1260 1689 1356 1716 eum
1383 1689 1508 1716 nemo

98 1734 148 1774 ll
166 1749 370 1788 umquam
414 1734 459 1775 in
504 1749 612 1788 equo
657 1734 876 1775 sedentem
920 1734 1085 1775 viderit.
1154 1733 1287 1788 Nam,
1329 1736 1378 1775 ut
1415 1748 1508 1775 mos

164 1793 248 1834 fuit
274 1792 504 1847 Bithyniae
531 1793 719 1848 regibus,
750 1793 903 1834 lectica
935 1793 1170 1847 octaphoro
1202 1793 1433 1847 ferebatur,
1465 1793 1509 1834 in

165 1867 249 1906 qua
287 1852 489 1907 pulvinus
529 1855 622 1893 erat
657 1852 899 1906 perlucidus
938 1851 1176 1893 Melitensis
1216 1866 1314 1893 rosa
1350 1851 1507 1906 fartus3

164 1910 256 1965 ipse
284 1913 428 1952 autem
456 1925 656 1953 coronam
683 1911 872 1952 habebat
904 1926 1032 1952 unam
1064 1911 1108 1951 in
1142 1910 1294 1964 capite,
1326 1911 1507 1952 alteram

164 1970 209 2011 in
247 1971 358 2011 collo
397 1970 710 2024 reticulumque
750 1970 802 2011 ad
834 1970 951 2011 naris
984 1970 1067 2011 sibi
1100 1970 1358 2011 admovebat
1390 1972 1507 2011 tenu—

164 2029 314 2070 issimo
348 2029 448 2082 lino,
482 2029 660 2070 minutis
694 2029 885 2083 maculis,
917 2029 1092 2084 plenum
1125 2043 1259 2070 rosae.
1310 2027 1379 2071 Sic
1411 2043 1506 2071 con-

164 2088 277 2130 fecto
306 2088 457 2129 itinere
484 2103 580 2129 cum
611 2088 664 2129 ad
697 2088 871 2142 aliquod
905 2088 1108 2141 oppidum
1140 2090 1327 2142 venerat,
1361 2088 1507 2129 eadem

164 2147 317 2189 lectica
343 2161 476 2200 usque
503 2146 547 2188 in
574 2147 815 2189 cubiculum
850 2147 1132 2188 deferebatur.
1181 2146 1245 2188 Eo
1278 2147 1508 2188 veniebant

164 2204 406 2247 Siculorum
438 2206 740 2261 magistratus,
773 2206 1003 2247 veniebant
1035 2206 1200 2260 equites
1232 2205 1433 2259 Romani,
1465 2205 1507 2247 id

164 2265 278 2319 quod
311 2279 361 2305 ex
395 2265 543 2305 multis
576 2265 728 2306 iuratis
763 2265 962 2319 audistis3
994 2264 1310 2307 controversiae
1344 2267 1505 2306 secreto

164 2324 485 2377 deferebantur,
517 2324 646 2378 paulo
680 2327 780 2378 post
812 2324 956 2379 palam
990 2324 1160 2365 decreta
1192 2323 1506 2365 auferebantur.
1525 2332 1555 2359 35
1591 2321 1618 2368 Ϊ;

162 2382 345 2437 Deinde,
383 2382 457 2423 ubi
495 2383 716 2437 paulisper
748 2384 793 2424 in
825 2383 1020 2424 cubiculo
1052 2382 1210 2437 pretio,
1248 2397 1333 2424 non
1367 2382 1506 2437 aequi-

164 2443 253 2482 tate
280 2441 374 2483 iura
402 2441 692 2496 discripserat,
724 2441 883 2483 Veneri
914 2442 1000 2483 iam
1034 2444 1076 2483 et
1107 2441 1261 2483 Libero
1294 2441 1505 2496 reliquum

1532 1150 1595 1182 15⁴

1530 1452 1594 1480 ‘302

1529 1745 1560 1771 ‘25

1527 2018 1618 2071 30i]
