1618 2584
487 235 573 271 ΜΒ.
597 236 627 270 V
672 234 775 270 CAP.
803 239 845 269 72
872 238 890 275 g
919 237 1112 268 184—189.
1384 234 1470 274 499

132 337 180 376 ut
218 333 368 375 ceteris
407 333 506 374 hinc
543 331 704 373 tradita
743 345 834 371 esse
872 329 1115 382 videantur,
1156 343 1263 382 quae
1300 328 1352 369 ab
1386 330 1469 369 isto

133 407 216 434 uno
244 392 304 433 sic
330 391 499 446 polluta
526 405 574 432 ac
600 390 762 431 violata
790 391 900 442 sunt,
930 391 978 428 ut
1004 387 1281 453 simulacrum
1303 386 1469 427 (’616113

134 465 280 504 unum,
325 450 437 504 quod
476 464 500 490 a
538 449 629 490 viro
667 462 753 489 non
792 447 917 488 modo
957 451 1078 502 tangi
1135 445 1208 487 sed
1246 460 1297 486 ne
1338 446 1470 499 aspici

97 511 102 515 ’
134 509 304 564 quidem
331 509 396 550 fas
426 508 519 561 fuit,
552 522 573 549 e
606 506 792 548 33613110
815 505 967 547 Catina
1001 504 1325 546 convellendum
1359 504 1470 544 aufe-

79 578 95 604 5
132 568 395 621 rendumquc
436 566 666 619 curaverit
712 565 894 606 alterum
934 566 1076 605 autem
1114 563 1269 604 Henna
1307 577 1356 603 ex
1390 577 1470 602 sua

133 627 230 668 sede
264 641 311 667 ac
344 626 468 667 domo
503 624 744 677 sustulerit,
777 623 888 677 quod
922 625 1014 663 erat
1047 623 1151 675 tale,
1184 625 1232 663 ut
1263 621 1471 673 homines,

133 700 227 726 cum
280 684 490 737 viderent,
547 686 620 725 aut
672 682 811 736 ipsam
861 681 1003 722 videre
1054 695 1098 722 36
1149 680 1346 722 Cererem
1398 683 1471 720 aut

132 743 319 797 effigiem
358 742 523 784 Cereris
567 755 653 782 non
694 741 883 781 1131113113
921 754 1049 781 11131111
1087 739 1265 792 factam,
1310 738 1383 779 sed
1421 738 1470 778 de

133 779 249 843 caelo
288 802 455 855 lapsam
494 800 824 841 arbitrar:entui
864 813 939 840 vos
984 798 1114 839 etiam
1155 801 1282 852 atque
1316 797 1446 837 etiam
1476 806 1539 837 188

81 874 113 899 10
132 860 302 925 inploro
330 862 372 900 et
398 859 583 914 appello,
616 857 912 899 sanctissimae
946 857 1059 911 deae,
1093 871 1200 910 quae
1232 856 1332 896 illos
1360 855 1471 896 Hen-

131 918 274 959 nensis
324 919 440 959 lacus
491 918 694 971 lucosque
743 916 930 957 incolitis
982 918 1242 969 cunctaeque
1290 913 1471 967 Siciliae,

133 992 240 1031 quae
262 977 367 1017 mihi
394 976 657 1017 defendenda
682 975 843 1016 tradita
871 977 947 1028 est,
974 974 1238 1028 praesidetis,
1266 989 1290 1014 a
1317 972 1470 1027 quibus

132 1036 317 1076 inventis
360 1035 559 1090 frugibus
604 1038 646 1076 et
689 1035 733 1074 in
779 1034 926 1075 orbem
970 1036 1183 1074 terrarum
1229 1031 1469 1073 distributis

133 1109 280 1135 omnes
328 1097 478 1149 gentes
523 1108 571 1135 ac
613 1092 810 1134 nationes
855 1092 989 1133 1631311
1032 1092 1240 1146 religione
1285 1090 1470 1131 numinis

81 1165 112 1190 15
133 1153 422 1207 continentur3
456 1154 619 1194 ceteros
645 1152 749 1193 item
777 1151 877 1192 deos
906 1151 1088 1205 deasque
1121 1164 1267 1191 omnes
1300 1149 1470 1203 inploro

133 1215 176 1252 et
215 1212 428 1266 obtestor,
467 1225 647 1265 quorum
685 1210 859 1264 templis
899 1212 941 1251 et
975 1209 1257 1264 religionibus
1290 1208 1371 1248 iste
1403 1222 1471 1248 ne-

132 1270 242 1311 fario
265 1270 449 1324 quodam
470 1271 613 1311 furore
635 1272 677 1310 et
698 1268 875 1310 audacia
900 1268 1130 1309 instinctus
1157 1267 1319 1308 bellum
1347 1266 1472 1307 sacri-

132 1329 278 1384 legum
315 1343 482 1383 semper
512 1328 777 1383 impiumque
809 1327 962 1368 habuit
993 1326 1218 1379 indictum,
1257 1328 1322 1378 ut,
1362 1325 1397 1365 si
1428 1324 1473 1364 in

132 1387 214 1428 hoc
250 1401 322 1428 reo
362 1391 490 1453 atque
527 1386 573 1427 in
608 1386 689 1427 hac
727 1400 855 1427 causa
893 1385 1037 1426 omnia
1075 1399 1169 1425 mea
1208 1359 1387 1425 consilia
1420 1383 1472 1424 ad

79 1457 114 1483 20
134 1446 319 1487 salutem
369 1446 600 1498 sociorum,
658 1445 915 1500 dignitatem
965 1444 1026 1484 rei
1076 1443 1291 1498 publicae,
1344 1442 1471 1482 fidem

133 1519 273 1546 meam
301 1506 615 1558 spectaverunt,
645 1503 680 1544 si
705 1503 869 1544 nullam
899 1503 950 1544 ad
978 1517 1066 1543 rem
1092 1502 1176 1542 nisi
1204 1501 1255 1542 ad
1284 1500 1471 1542 officium

133 1567 176 1604 et
195 1563 400 1603 virtutem
422 1577 568 1604 omnes
593 1577 711 1603 meae
739 1576 875 1615 curae,
902 1561 1076 1617 vigiliae
1103 1560 1472 1616 cogitationesque

134 1622 429 1675 elaborarunt,
481 1636 588 1676 quae
640 1636 734 1662 11163
779 1635 896 1661 mens
942 1620 985 1660 in
1032 1618 1300 1674 suscipienda
1345 1632 1472 1659 causa

132 1680 232 1734 fuit,
269 1680 374 1721 fides
413 1680 457 1721 in
489 1680 671 1736 agenda,
711 1679 858 1720 cadem
890 1681 1034 1720 vestra
1067 1678 1123 1719 sit
1155 1678 1198 1718 in
1230 1677 1472 1728 iudicanda,

81 1751 113 1776 25
135 1739 282 1780 deinde
308 1739 373 1780 uti
400 1738 444 1780 O.
464 1738 655 1793 Verrem,
689 1739 723 1779 si
751 1738 839 1779 eius
874 1737 1017 1779 omnia
1049 1739 1150 1778 sunt
1180 1736 1373 1777 inaudita
1406 1738 1447 1776 et
1477 1744 1541 1775 189

133 1798 372 1853 singularia
408 1797 599 1839 facinora
635 1797 825 1850 sceleris,
865 1796 1084 1849 audaciae,
1121 1795 1340 1850 perfidiae,
1378 1794 1471 1834 libi-

134 1856 262 1910 dinis,
300 1856 525 1909 avaritiae,
558 1855 842 1909 crudelitatis,
876 1855 1030 1910 dignus
1065 1854 1201 1895 exitus
1236 1854 1324 1894 eius
1357 1853 1471 1893 modi

132 1915 222 1956 vita
267 1918 395 1969 atque
433 1915 559 1957 factis
599 1918 742 1956 vestro
781 1914 936 1955 iudicio
977 1916 1282 1967 consequatur,
1326 1912 1471 1965 utique

133 1988 200 2014 res
244 1974 417 2028 publica
460 1989 638 2028 meaque
683 1973 787 2014 fides
828 1987 913 2014 una
950 1972 1030 2014 hac
1070 1971 1339 2013 accusatione
1378 1985 1471 2010 mea

81 2041 113 2066 ³0
134 2035 336 2074 contenta
375 2032 431 2073 sit
469 2033 658 2086 miliique
690 2031 873 2087 posthac
904 2031 1039 2072 bonos
1073 2031 1214 2084 potius
1250 2029 1470 2071 defendere

133 2091 261 2132 liceat
294 2106 419 2146 quan]
454 2091 658 2146 inprobos
694 2105 891 2133 accusare
923 2104 1094 2131 necesse
1129 2089 1196 2130 sit.

1116 2508 1190 2543 32*
