1618 2584
431 228 521 262 LIB.
543 227 573 262 V
619 228 719 263 CAP.
746 232 838 263 4—6
864 231 883 270 ς
911 232 1059 264 10—14.
1329 229 1416 270 433

78 324 349 379 provinciae?
405 323 469 365 Tu
510 338 616 379 quos
655 338 800 365 servos
840 339 960 365 arma
998 338 1148 378 capere
1181 326 1223 364 et
1254 324 1416 366 bellum

77 384 216 424 facere
251 382 294 423 in
327 381 472 424 Sicilia
504 383 692 424 voluisse
726 397 935 437 cognoras
969 385 1011 424 et
1044 383 1094 423 de
1127 383 1295 424 consilii
1328 397 1418 424 sen-

78 441 215 482 tentia
233 441 458 494 iudicares,
484 442 562 483 hos
584 442 636 482 ad
664 442 920 495 supplicium
947 441 1034 482 iam
1061 455 1179 482 more
1205 440 1417 482 maiorum

79 500 261 541 traditos
289 514 338 541 ex
366 500 505 541 media
531 502 670 541 morte
697 500 859 553 eripere
886 515 935 541 ac
967 500 1151 541 liberare
1184 514 1311 541 ausus
1345 499 1418 541 es?

42 561 144 612 sut,
188 573 315 612 quam
361 558 575 600 damnatis
619 573 785 600 crucem
825 559 959 599 servis
996 559 1169 612 fixeras,
1211 559 1321 599 hanc
1358 558 1420 599 in-

79 617 289 658 demnatis
327 617 526 659 videlicet
563 616 726 658 civibus
760 617 965 658 Romanis
1004 631 1259 658 reservares.
1319 616 1419 658 Per-

78 676 192 717 ditae
243 676 438 717 civitates
490 676 726 730 desperatis
777 675 861 717 iam
913 676 1111 716 omnibus
1161 676 1288 717 rebus
1338 676 1419 717 hos

78 735 220 776 solent
245 735 383 776 exitus
411 735 596 776 exitialis
622 734 792 788 habere,
824 737 872 775 ut
904 735 1095 776 damnati
1128 734 1172 775 in
1202 734 1419 789 integrum

77 793 379 847 restituantur,
416 794 550 834 vincti
582 793 823 846 solvantur,
862 793 1005 834 exules
1038 793 1315 847 reducantur,
1349 807 1417 834 res

26 864 59 890 10
77 852 286 893 iudicatae
336 852 640 893 rescindantur.
716 852 831 900 Quae
882 866 978 893 cum
1030 852 1243 905 accidunt,
1292 866 1418 893 nemo

78 914 160 962 est,
199 911 301 965 quin
337 910 567 966 intellegat
604 925 724 952 ruere
762 911 883 951 illam
917 925 1007 951 rem
1039 911 1275 965 publicam,
1312 911 1419 953 haec

76 970 149 1010 ubi
183 970 399 1023 eveniant,
435 984 561 1010 nemo
595 972 678 1023 est,
712 970 783 1023 qui
815 970 950 1010 ullam
984 984 1105 1024 spem
1137 969 1291 1011 salutis
1323 970 1419 1010 reli-

27 1029 33 1034 ’
78 1043 205 1082 quam
245 1042 337 1070 esse
376 1028 619 1070 arbitretur.
678 1028 821 1082 Atque
859 1028 963 1070 haec
1003 1028 1138 1070 sicubi
1167 1029 1279 1080 facta
1311 1033 1418 1083 sunt,

77 1087 140 1128 ita
188 1087 305 1128 facta
355 1090 472 1140 sunt,
521 1090 570 1128 ut
617 1087 812 1128 homines
856 1087 1087 1142 populares
1133 1090 1207 1128 aut
1250 1087 1418 1129 nobiles

25 1157 58 1184 15
79 1146 288 1200 supplicio
328 1149 403 1187 aut
441 1146 566 1187 exilio
605 1146 869 1199 levarentur,
911 1149 956 1187 at
992 1160 1079 1188 non
1117 1146 1171 1187 ab
1209 1146 1261 1187 iis
1299 1146 1420 1200 ipsis,

79 1205 151 1259 qui
188 1205 465 1259 iudicassent,
510 1208 555 1246 at
592 1219 678 1246 non
716 1205 883 1258 statim,
927 1207 972 1246 at
1009 1219 1096 1246 non
1133 1219 1280 1246 eorum
1318 1205 1419 1246 faci-

76 1278 228 1304 norum
250 1264 454 1316 damnati,
481 1278 586 1318 quae
614 1263 667 1304 ad
693 1264 827 1304 vitam
855 1266 898 1304 et
924 1263 977 1304 ad
1001 1263 1199 1304 fortunas
1227 1263 1416 1304 omnium

77 1322 352 1377 pertinerent.
420 1322 514 1363 Hoc
551 1337 651 1363 vero
689 1336 848 1363 novum
888 1324 930 1363 et
968 1322 1056 1363 eius
1095 1321 1211 1364 modi
1249 1325 1333 1376 est,
1371 1324 1420 1363 ut

78 1381 216 1435 magis
261 1383 439 1435 propter
482 1396 601 1422 reum
647 1395 775 1435 quam
813 1383 990 1436 propter
1027 1395 1118 1422 rem
1155 1381 1296 1435 ipsam
1334 1395 1420 1422 cre<

42 1451 59 1477 o
79 1440 208 1481 dibile
234 1440 447 1493 videatur,
479 1443 527 1481 ut
558 1440 754 1481 homines
787 1453 952 1493 servos,
983 1442 1032 1480 ut
1062 1439 1172 1494 ipse,
1205 1439 1278 1494 qui
1309 1439 1420 1480 iudi-

78 1502 214 1551 carat,
249 1501 298 1539 ut
330 1499 479 1539 statim
512 1512 534 1539 e
566 1498 704 1540 medio
739 1498 949 1552 supplicio
983 1498 1210 1551 dimiserit,
1249 1501 1297 1539 ut
1328 1498 1418 1539 eius

76 1557 279 1598 facinoris
307 1557 534 1598 damnatos
561 1571 720 1610 serVOS,
746 1557 859 1610 quod
886 1557 938 1598 ad
966 1557 1156 1597 omnium
1183 1557 1419 1598 liberorum

78 1620 207 1671 caput
232 1618 275 1657 et
301 1616 553 1672 sanguinem
579 1616 827 1671 pertineret.
877 1616 911 1657 O
938 1616 1208 1670 praeclarum
1233 1616 1418 1669 impera-

77 1678 217 1716 torem
248 1689 325 1716 nec
358 1676 444 1716 iam
476 1689 572 1716 cum
603 1674 672 1716 Μ’.
697 1674 893 1729 Aquilio,
928 1674 1168 1716 fortissimo
1201 1674 1313 1728 viro,
1346 1675 1419 1715 sed

44 1745 178 1775 5vero
225 1748 318 1775 cum
359 1733 524 1787 Paulis,
569 1731 857 1788 Scipionibus,
901 1732 1051 1774 Mariis
1095 1733 1419 1775 conferendum!

77 1795 302 1834 tantumne
355 1792 512 1833 vidisse
564 1792 610 1833 in
662 1794 780 1833 metu
832 1792 1105 1846 periculoque
1155 1792 1418 1847 provinciae!

78 1849 186 1893 Cum
219 1851 491 1892 servitiorum
525 1850 691 1892 animos
722 1850 768 1892 in
800 1849 945 1892 Sicilia
978 1865 1209 1905 suspensos
1241 1853 1420 1906 propter

78 1910 238 1951 bellum
267 1909 421 1951 Italiae
447 1910 732 1965 fugitivorum
757 1909 934 1963 videret,
961 1924 1014 1951 ne
1041 1910 1135 1963 quis
1163 1924 1208 1951 se
1235 1924 1420 1951 commo-

78 1984 176 2010 vere
221 1969 415 2023 auderet,
459 1971 667 2023 quantum
711 1968 889 2010 terroris
929 1968 1094 2010 iniecit!
1161 1968 1420 2022 Comprendi

43 2040 59 2065 o
79 2028 224 2082 iussit,
257 2028 351 2081 quis
376 2041 463 2069 non
491 2027 797 2082 pertimescat?
830 2041 1002 2068 causam
1036 2027 1173 2069 dicere
1206 2027 1421 2081 dominos3

79 2087 179 2141 quid
215 2101 338 2128 servo
371 2089 461 2127 tam
492 2086 851 2127 formidolosum?
906 2085 1095 2128 FECISSE
1126 2097 1289 2127 VIDERI
1321 2100 1420 2140 pro-

77 2145 267 2198 nuntiat3
305 2147 499 2186 exortam
537 2145 706 2186 videtur
742 2144 961 2186 flammam
999 2159 1232 2199 paucorum
1273 2145 1420 2186 dolore

79 2219 127 2246 ac
156 2207 296 2245 morte
327 2204 587 2245 restinxisse.
638 2202 748 2251 Quid
781 2203 929 2245 deinde
963 2204 1184 2258 sequitur?
1227 2202 1420 2245 Verbera

80 2266 208 2317 atque
228 2263 350 2319 ignes
372 2266 414 2304 et
434 2263 511 2304 illa
531 2265 722 2304 extrema
743 2262 796 2303 ad
819 2262 1076 2317 supplicium
1105 2263 1419 2314 damnatorum,

44 2332 60 2359 5
80 2325 242 2363 metum
275 2324 531 2375 ceterorum,
570 2321 783 2363 cruciatus
816 2324 859 2362 et
891 2336 1003 2363 crux.
1057 2321 1188 2363 Hisce
1220 2321 1419 2362 omnibus

79 2380 301 2436 suppliciis
334 2383 434 2421 sunt
466 2380 650 2422 liberati.
707 2379 810 2428 Quis
843 2380 1026 2434 dubitet,
1062 2380 1165 2434 quin
1197 2394 1418 2421 servorum

78 2440 245 2481 animos
291 2454 459 2481 summa.
501 2438 730 2480 formidine
768 2438 1049 2494 oppresserit,
1093 2453 1189 2480 cum
1226 2438 1425 2480 viderent

147 2514 218 2541 CIC.
237 2515 280 2540 11.
303 2516 326 2540 1.
1072 2511 1134 2541 228

1447 1037 1488 1067 13

1447 1623 1489 1655 14
