1685 2574
171 461 199 540 :ow->-

158 965 199 996 10

159 1552 197 1582 11

173 1713 201 1754 5

161 2196 203 2228 12

225 98 281 140 36
448 97 541 132 PRO
569 96 671 132 SEX.
698 96 869 131 ROSCIO
898 95 1121 131 AMERINO
1148 96 1338 132 ORATIO.

224 194 269 235 in
299 194 382 236 hoc
413 194 635 235 consilium
669 192 821 233 delecti
853 192 956 232 estis
988 194 1164 246 propter
1191 193 1476 246 severitatem,
1509 194 1562 234 ab

225 252 292 293 his
331 252 412 293 hoc
443 252 663 306 postulare
694 250 889 291 homines
924 250 1097 291 sicarios
1131 253 1259 305 atque
1292 252 1564 306 gladiatores,

223 325 310 352 non
343 311 468 352 modo
501 313 549 351 ut
582 309 791 363 supplicia
824 308 980 362 vitent,
1019 323 1125 362 quae
1159 324 1183 350 a
1213 310 1336 351 vobis
1369 324 1445 363 pro
1479 325 1565 352 ma·

224 369 373 411 lefioiis
402 369 488 410 suis
515 370 702 409 metuere
731 369 858 420 atque
878 367 1051 408 horrere
1073 367 1239 421 debent,
1266 382 1413 409 verum
1435 368 1564 410 etiam

224 431 273 469 ut
305 427 453 482 spoliis
488 441 537 467 ex
569 426 650 467 1100
681 425 835 467 iudicio
869 425 1008 466 ornati
1040 426 1236 480 auctique
1269 427 1514 477 discedant?
1585 446 1600 471 5

313 486 392 527 His
426 485 475 525 de
507 485 634 525 rebus
666 484 801 525 tantis
833 486 1006 538 tamque
1039 484 1254 526 atrocibus
1286 499 1423 539 neque
1459 485 1564 526 satis

225 559 292 586 me
337 543 557 585 commode
600 543 737 584 dicere
785 557 921 596 neque
972 543 1077 584 satis
1124 543 1314 598 graviter
1365 544 1566 598 conqueri

223 616 361 656 neque
406 602 511 642 satis
555 601 688 642 libere
732 601 957 642 vociferari
1000 616 1126 656 posse
1167 602 1385 656 intellego.
1453 602 1565 643 Nam

225 660 523 703 commoditati
554 659 793 714 ingenium,
831 661 1037 714 gravitati
1070 662 1205 713 aetas,
1238 660 1431 701 libertati
1463 664 1566 702 tem-

224 734 332 774 pora
364 721 464 760 sunt
494 719 814 772 impedimento.
874 718 968 760 Huc
1001 719 1162 760 accedit
1195 733 1386 759 summus
1424 719 1566 772 timor,
1586 739 1617 764 10
1679 760 1685 763 ,,

1652 776 1655 789 ,

226 791 352 831 quem
385 777 490 818 mihi
521 780 677 818 natura
708 777 927 831 pudorque
959 791 1078 818 meus
1111 777 1312 818 attribuit
1344 780 1386 818 et
1424 780 1567 819 vestra

227 836 416 891 dignitas
455 838 497 877 et
534 836 599 876 vis
633 835 974 877 adversariorum
1007 839 1048 876 et
1082 834 1173 876 Sex,
1206 835 1335 876 Rosci
1367 836 1566 890 pericula.

226 894 498 949 Quapropter
529 908 603 935 vos
638 909 712 935 oro
746 897 873 948 atque
907 895 1094 947 obsecro,
1126 894 1297 947 iudices,
1328 897 1377 935 ut
1403 897 1567 936 attente

225 954 423 1007 bonaque
445 968 540 994 cum
562 953 685 994 venia
704 953 836 994 verba
857 967 951 993 mea
971 952 1167 993 audiatis
1211 951 1313 993 Fide
1341 953 1567 1007 sapientia-

226 1026 307 1066 que
339 1014 484 1053 vestra
513 1011 649 1052 fretus
681 1011 778 1066 plus
812 1012 952 1052 oneris
985 1011 1157 1064 sustuli,
1198 1026 1324 1064 quam
1357 1011 1466 1052 ferre
1499 1026 1615 1056 111015

225 1085 352 1125 posse
399 1071 619 1125 intellego.
680 1069 773 1111 Hoc
819 1085 923 1111 onus
972 1070 1007 1110 si
1045 1084 1120 1110 vos
1163 1070 1308 1123 aliqua
1352 1084 1401 1111 ex
1445 1073 1567 1124 parte

227 1129 500 1182 adlevabitis,
532 1128 686 1182 feram,
717 1130 766 1168 ut
797 1131 964 1182 potero,
997 1128 1137 1169 studio
1170 1131 1214 1169 et
1245 1128 1473 1182 industria,
1510 1129 1568 1170 iu-

226 1188 357 1241 dices3
390 1187 455 1228 sin
488 1202 513 1228 a
544 1187 679 1240 vobis,
711 1187 753 1227 id
787 1187 899 1240 quod
930 1201 1015 1227 non
1042 1201 1178 1241 spero,
1211 1186 1392 1240 deserar,
1425 1190 1570 1228 tamen

227 1247 370 1288 animo
402 1260 488 1287 non
515 1220 708 1286 deficiain
735 1248 778 1286 et
803 1245 857 1298 id,
890 1245 1001 1298 quod
1029 1246 1207 1299 suscepi
1240 1246 1380 1299 quoad
1406 1249 1567 1300 potero,

225 1305 451 1360 perferam.
514 1303 635 1352 Quod
668 1304 703 1344 si
735 1303 923 1358 perferre
954 1318 1039 1345 non
1071 1306 1240 1358 poter,o
1280 1304 1464 1358 opprimi
1503 1319 1568 1346 me
1588 1324 1617 1349 20
1670 1326 1685 1351 ¹31:

227 1378 354 1405 onere
382 1363 510 1404 officii
544 1363 658 1403 malo
690 1377 817 1415 quam
843 1362 898 1415 id,
925 1362 1037 1415 quod
1063 1362 1169 1403 mihi
1201 1377 1295 1404 011111
1328 1363 1408 1404 fide
1438 1364 1567 1404 semel

226 1422 478 1476 impositum
493 1423 569 1475 est,
591 1424 664 1462 aut
679 1423 855 1474 propter
869 1420 1090 1474 perfidiam
1112 1420 1278 1462 abicere
1299 1423 1374 1462 aut
1392 1424 1569 1476 propter

225 1481 525 1521 infirmitatem
558 1479 690 1521 animi
722 1479 943 1533 deponere.

315 1539 374 1580 Te
415 1552 582 1593 quoque
620 1551 778 1593 magno
818 1552 962 1592 opere,
997 1537 1054 1580 M.
1090 1536 1245 1592 Fanni,
1289 1553 1464 1593 quaeso,
1509 1542 1568 1592 ut,

228 1599 398 1653 qualem
431 1600 474 1638 te
506 1597 591 1638 iam
626 1599 752 1638 antea
783 1596 943 1651 populo
969 1596 1164 1638 Romano
1190 1597 1441 1651 praebuisti,
1474 1612 1568 1639 cum
1587 1617 1615 1643 25
1665 1622 1672 1645 5

226 1657 326 1698 huic
364 1656 501 1697 eidem
539 1655 782 1710 quaestioni
819 1655 944 1696 iudex
980 1669 1219 1709 praeesses,
1263 1656 1395 1697 talem
1441 1658 1482 1697 te
1528 1659 1569 1698 et

226 1715 351 1757 nobis
384 1717 426 1756 et
458 1714 519 1755 rei
550 1714 746 1768 publicae
778 1713 859 1755 1100
891 1716 1083 1768 tempore
1115 1714 1349 1768 impertias.
1401 1713 1568 1763 Quanta

227 1773 459 1816 multitudo
486 1772 707 1813 hominum
734 1772 980 1813 convenerit
1009 1772 1061 1813 ad
1087 1772 1167 1814 hoc
1193 1772 1407 1827 iudicium,
1434 1774 1567 1827 vides,

228 1847 337 1888 quae
352 1833 409 1873 sit
422 1831 612 1872 omnium
628 1831 877 1872 mortalium
896 1831 1147 1885 expectatio,
1163 1846 1270 1885 quae
1286 1831 1508 1886 cupiditas,
1524 1835 1569 1873 ut

228 1891 343 1933 acria
358 1905 406 1932 ac
427 1904 572 1931 severa
592 1889 747 1931 iudicia
767 1889 885 1940 fiant,
905 1889 1134 1945 intellegis.
1167 1889 1317 1946 Longo
1338 1891 1567 1933 intervallo
1586 1908 1614 1934 so

227 1950 434 1991 iudicium
461 1948 573 1990 inter
605 1948 781 1989 sicarios
807 1948 888 1990 1100
919 1948 1104 2003 primuni
1138 1949 1440 2004 committitur,
1474 1964 1568 1991 011111

226 2009 393 2050 interea
423 2007 572 2050 caedes
605 2006 929 2061 indignissimae
955 2007 1250 2061 maximaeque
1278 2007 1417 2050 factae
1453 2011 1568 2061 sunt;

229 2081 376 2109 omnes
399 2067 510 2108 hanc
533 2065 827 2120 quaestionem
850 2068 893 2108 te
919 2068 1116 2120 praetore
1143 2065 1382 2108 manifestis
1412 2067 1568 2108 malefi-

229 2125 306 2168 ciis
325 2125 626 2179 cotidianoque
653 2124 861 2180 sanguine
881 2124 911 2178 †
931 2124 1146 2166 dimissius
1173 2128 1348 2179 sperant
1367 2125 1566 2167 futuram.

319 2183 413 2232 Qua
455 2183 759 2226 vociferatione
802 2183 848 2224 in
891 2183 1042 2225 ceteris
1086 2183 1252 2224 iudiciis
1300 2187 1566 2226 accusatores
1585 2199 1614 2225 35
1642 2203 1685 2224 12

230 2242 294 2283 uti
337 2244 665 2297 consueverunt,
710 2257 759 2283 ea
801 2256 879 2283 nos
923 2242 1004 2284 hoc
1044 2244 1236 2296 tempore
1274 2243 1453 2297 utimur,
1498 2242 1567 2297 qui

231 2314 403 2341 causam
437 2301 625 2343 dicimus.
687 2300 878 2342 Petimus
912 2301 987 2342 abs
1020 2303 1074 2355 te,
1106 2299 1160 2341 Μ.
1193 2299 1341 2353 Fanni,
1375 2316 1397 2343 a
1430 2301 1566 2344 vobis-

1644 1872 1646 1889 1
1676 1869 1684 1882 11
